3248 5392
313 315 406 369 enen.
432 314 513 368 aaa.
539 314 711 369 eamean.
738 338 785 348 —
811 316 959 371 arnano.
986 317 1033 369 ao
1060 317 1139 370 con.
1165 316 1202 368 uo
1228 316 1286 370 ror.
1346 296 1416 371 107

184 504 237 559 Dei
254 503 373 558 latenter
382 503 434 558 sibi
444 503 556 558 tradidit
567 503 713 573 imaginem
725 504 837 574 virginis
846 504 970 574 gloriosa
980 502 1010 558 in
1018 503 1112 559 tabula
1121 500 1190 570 (cod.
1200 504 1333 572 tabulam)
1342 505 1417 576 depi-

185 607 266 669 ctam,
277 619 338 672 quse
347 602 434 657 filium
446 619 526 657 suum
536 602 564 656 in
575 603 695 657 brachiis
703 603 815 672 bajulat,
827 608 855 657 et
863 603 903 657 ait
913 623 920 658 z
934 605 1144 670 Vidc,1tlia,lruc
1155 611 1192 658 cst
1199 606 1288 671 inape
1296 611 1320 659 ct
1326 606 1417 673 fipura

183 704 285 755 matris
293 702 380 767 ettilii
388 718 454 770 quas
464 702 515 755 tili
524 704 651 768 superius
663 703 807 755 nominari.
824 703 896 754 Vade
908 708 931 755 ct
943 703 1019 755 intra
1029 702 1183 755 cubiculum
1192 709 1277 766 tuum,
1288 709 1312 755 ct
1328 704 1418 769 msam

184 801 319 867 cirpincm
330 802 473 868 deprecare
483 808 514 854 ut
522 803 584 867 ipsa
592 801 642 853 tibi
649 802 784 854 ostendere
792 802 919 867 dipnctur
928 801 1017 866 filium
1026 817 1116 866 suum,
1127 802 1240 868 qucmin
1251 807 1328 854 tuum
1338 816 1417 867 mori-

159 909 169 959 t
185 914 247 952 cum
256 915 394 952 assumere
402 901 575 967 concupiscis.
584 900 668 968 Spero
679 901 751 953 enim
761 901 832 967 quod
843 901 905 968 ipsa
916 901 1008 953 audiet
1016 916 1108 967 preces
1117 907 1187 954 tuas.

226 997 262 1052 4.
286 995 437 1050 Katherina
446 995 588 1064 ergoclam
604 995 717 1049 domum
727 995 779 1049 fert
791 995 1031 1066 imaginemaviro
1039 995 1089 1048 Dei
1106 995 1158 1050 sibi
1180 996 1280 1060 datam
1289 999 1317 1049 et
1330 1010 1417 1065 usque

178 1093 222 1148 ad
233 1108 363 1162 magnam
378 1092 477 1145 horam
489 1092 577 1146 noctis
586 1091 684 1160 virgini
694 1107 788 1160 preces
797 1091 913 1146 sundere
928 1108 984 1145 non
999 1091 1122 1148 cessavit
1131 1092 1254 1146 Tandem
1264 1091 1345 1160 igitm
1354 1090 1417 1144 fati-

186 1195 249 1260 gata
258 1190 334 1245 dedit
344 1190 546 1260 aliquantulum
558 1206 587 1265 se
599 1191 699 1261 sopori,
709 1195 736 1245 et
746 1191 814 1244 vidit
822 1191 850 1245 in
862 1192 966 1246 somnis
975 1207 1005 1245 se
1023 1190 1051 1244 in
1066 1189 1253 1260 pulcherrimo
1261 1191 1339 1258 prato
1348 1202 1416 1251 esse,

186 1289 234 1343 ubi
246 1288 379 1358 virginem
389 1289 464 1343 illam
473 1306 556 1359 quam
567 1289 694 1359 precihus
704 1289 844 1359 flagitabat
853 1289 927 1354 vidit,
937 1305 1000 1343 cum
1014 1289 1071 1343 filio
1087 1306 1138 1343 suo
1149 1289 1178 1343 in
1185 1287 1265 1352 ulnis,
1276 1287 1304 1340 in
1315 1286 1415 1340 throno

159 1402 172 1452 ο
185 1389 333 1458 magnifico
342 1389 492 1442 considere.
502 1388 625 1458 Cumque
635 1404 669 1442 ex
676 1387 782 1457 pictura
794 1387 926 1456 virginem
949 1388 1132 1457 cognovisset,
1149 1392 1177 1442 et
1193 1387 1222 1440 in
1238 1389 1326 1440 matre
1343 1389 1371 1439 et
1385 1385 1415 1439 in

187 1487 242 1542 lilio
252 1491 359 1542 tantam
376 1487 608 1556 pulchritudinem
619 1487 773 1552 miraretur,
790 1487 902 1540 dolebat
918 1486 994 1555 quod
1004 1486 1054 1540 filii
1071 1485 1169 1540 taciem
1181 1501 1237 1540 non
1248 1484 1366 1539 videbat
1381 1484 1416 1537 Et

186 1603 247 1640 cum
260 1585 413 1640 Katherina
424 1587 458 1640 ad
468 1586 551 1640 aliam
562 1590 668 1656 partem
685 1585 737 1639 iret
747 1590 777 1639 ut
788 1589 881 1655 posset
891 1601 1010 1655 puerum
1028 1584 1126 1639 melius
1139 1583 1246 1648 intueri,
1260 1584 1317 1653 ipse
1328 1584 1364 1637 ab
1381 1598 1415 1637 ea

185 1682 283 1736 taciem
294 1683 444 1738 avertebat
456 1683 538 1753 Virgo
550 1699 615 1737 vero
627 1683 684 1737 filio
694 1683 875 1753 loquebatur:
891 1684 1012 1750 Videsne,
1020 1685 1071 1750 fili,
1081 1683 1262 1736 Katlrcrinam
1275 1671 1414 1749 cirpieum,

186 1797 241 1848 que
250 1784 352 1848 facicm
362 1788 438 1835 tuam
446 1784 535 1835 vidue
550 1783 693 1848 minat,
704 1799 786 1851 quam
802 1783 919 1850 pulchra
930 1784 973 1848 sit,
986 1798 1068 1849 quarn
1086 1781 1192 1846 nolitis,
1210 1797 1292 1848 quam
1306 1781 1415 1847 supuns

161 1894 173 1942 5
187 1887 264 1948 atquc
276 1883 359 1944 dices,
368 1887 392 1933 ct
400 1887 424 1933 tc
433 1883 463 1933 in
471 1897 552 1933 suum
560 1897 688 1947 specuum
699 1897 835 1934 assumere
847 1881 977 1947 affectans
993 1883 1154 1948 concupiscit
1172 1888 1248 1934 tuam
1263 1881 1375 1946 specim
1389 1886 1415 1932 ct

184 1981 305 2034 &eorem
315 1983 330 2033 t
342 1979 393 2033 Cui
401 1979 473 2033 lilius
482 1999 489 2033 ε
500 1981 583 2034 Salva
591 1984 740 2034 runcatio
748 1988 804 2048 tua,
813 1988 907 2046 mater,
914 1989 944 2034 ut
953 1983 1055 2034 usseris
1064 1997 1118 2035 non
1127 1987 1165 2034 cst
1173 1983 1220 2034 ita.
1230 1981 1302 2033 Nam
1309 1996 1414 2047 compa·

187 2081 294 2131 ratione
301 2081 459 2148 pullorum
467 2096 589 2132 meantem
600 2081 632 2133 de
638 2081 844 2148 pulchritudine
861 2080 932 2134 nitu
949 2080 1034 2133 hain.
1053 2081 1085 2132 Si
1095 2081 1127 2133 dc
1147 2095 1198 2133 suu
1217 2080 1351 2146 septumo
1364 2078 1415 2144 tlat

184 2193 280 2243 mmo,
292 2181 443 2246 sapientior
454 2181 515 2246 ipsa
527 2187 565 2232 est
573 2181 605 2233 dc
615 2180 769 2245 juvenculis
783 2181 850 2233 nucis
860 2181 925 2232 ima.
945 2180 978 2233 Si
989 2195 1048 2233 cam
1064 2180 1133 2232 dicis
1144 2179 1247 2231 diruite
1266 2178 1413 2243 amandare,

184 2277 246 2330 lem
258 2279 332 2331 nosti
349 2278 420 2345 quod
431 2281 502 2331 serui
509 2280 562 2331 mci
568 2285 632 2332 sunt
639 2278 887 2345 incomparabiliter
895 2280 1014 2331 ditiores.
1036 2278 1122 2343 Quam
1139 2278 1301 2331 nobilitatem
1311 2275 1388 2330 halet
1398 2279 1414 2328 t

159 2386 166 2436 t
181 2392 242 2428 cum
256 2391 289 2428 ca
300 2378 357 2428 sint
367 2378 455 2443 mapis
472 2392 533 2430 meu
545 2378 711 2445 pedissequa
720 2393 860 2443 pencrosu.
876 2378 1046 2444 Quapropter
1056 2376 1131 2428 nullo
1144 2376 1223 2428 modo
1238 2382 1314 2428 torus
1330 2374 1414 2441 liujus

183 2476 302 2543 circinus
320 2475 490 2543 miliplacct.
502 2475 536 2528 Et
551 2477 791 2530 mater:Possctnc
809 2476 965 2529 Katlcrino
988 2475 1135 2543 quidquam
1156 2475 1246 2538 facere
1257 2475 1342 2527 oculis
1356 2476 1413 2528 tuis

180 2579 302 2638 φαίνω,
322 2580 353 2626 ut
371 2575 460 2641 ipsam
472 2576 503 2626 in
525 2590 651 2641 sponsam
673 2552 792 2641 accipere
814 2575 1000 2641 dipacarerie?
1018 2572 1053 2626 Et
1071 2571 1158 2626 filius:
1175 2572 1207 2625 st
1222 2573 1288 2625 meis
1303 2573 1413 2626 monitis

181 2672 371 2738 acquiesceret,
379 2688 438 2724 ocra
445 2679 539 2739 posset.
552 2673 586 2726 Et
596 2676 702 2726 mater:
720 2674 754 2726 Ut
764 2674 847 2739 nico,
857 2673 907 2738 fili,
920 2672 1076 2725 Katlcrina
1086 2678 1191 2724 mutum
1210 2677 1285 2723 tuam
1300 2671 1412 2737 speciem

181 2769 347 2834 concupiscit
356 2770 428 2835 quod
435 2771 491 2822 tuis
499 2770 610 2823 libenter
622 2771 743 2823 consiliis
755 2772 908 2838 acquiescet.
919 2796 952 2809 —
967 2770 1063 2835 Vadat,
1074 2767 1248 2837 inquitfilius,
1258 2768 1412 2822 Katlvcrina

159 2880 164 2927 t
181 2867 221 2918 ad
232 2867 313 2919 ullum
325 2868 453 2920 deicolam
462 2870 511 2935 qui
521 2869 574 2921 sibi
585 2870 729 2935 imopincm
740 2876 815 2922 tuam
836 2870 917 2934 dedit,
929 2869 1042 2934 ctjucta
1056 2868 1201 2921 consilium
1213 2883 1292 2919 suuni
1303 2867 1409 2933 faciens

182 2981 225 3017 mc
232 2965 340 3018 nictit
350 2966 388 3018 Et
395 2973 458 3019 tunc
466 2983 533 3033 eam,
542 2969 568 3020 si
578 2968 628 3020 titi
635 2975 721 3020 mater
727 2969 871 3034 placuerit,
880 2967 1050 3033 desponsabo.

225 3062 262 3119 5.
284 3060 435 3115 Katherina
446 3061 527 3132 igitur
545 3062 662 3116 excitata
674 3077 690 3115 a
701 3078 808 3126 somno,
820 3062 904 3116 verba
916 3076 977 3130 ques
997 3061 1026 3114 in
1045 3059 1150 3114 visione
1170 3059 1301 3124 audierat,
1317 3063 1410 3113 mente

182 3159 337 3223 cactaban
354 3159 447 3213 audita
459 3159 588 3228 perficere
599 3159 672 3213 diem
682 3175 744 3212 cum
754 3158 888 3212 desiderio
901 3157 1070 3226 expectabat.
1081 3156 1160 3210 llane
1171 3155 1263 3225 itaque
1274 3155 1355 3221 facto,
1364 3154 1411 3209 ali-

182 3259 285 3328 quibus
297 3274 390 3312 secum
403 3258 549 3327 assumptis
560 3257 664 3327 puellis,
677 3257 712 3311 ad
722 3256 811 3311 virum
820 3257 869 3310 Dei
879 3256 1039 3310 festinanter
1052 3254 1172 3325 perrexit
1187 3259 1216 3308 et
1231 3255 1257 3308 ei
1272 3270 1321 3324 per
1341 3253 1412 3308 ordi·

159 3372 165 3419 ι
183 3371 249 3408 nem
267 3354 367 3409 seriem
384 3355 478 3408 retulit
495 3355 615 3420 visionis,
636 3371 700 3409 cum
716 3354 836 3408 lacrimis
856 3354 975 3408 multum
998 3369 1080 3407 orans
1105 3357 1136 3406 ut
1159 3367 1255 3405 servus
1282 3351 1331 3405 Dei
1349 3366 1410 3405 eam

183 3453 333 3507 instmeret
340 3453 407 3522 quid
418 3454 507 3508 facere
516 3457 608 3522 posset
620 3469 675 3522 quo
686 3452 825 3507 mediante
833 3452 941 3522 placere
955 3455 1049 3520 posset
1068 3450 1154 3505 oculis
1164 3448 1233 3504 tanti
1244 3449 1322 3519 regis.
1330 3449 1411 3503 Exhi-

183 3551 288 3605 laratus
300 3552 392 3621 itaque
403 3552 488 3606 homo
497 3552 555 3617 Dei,
568 3569 630 3605 cum
648 3555 770 3605 cerneret
786 3551 901 3604 verbum
925 3549 975 3604 Dei
997 3564 1092 3604 semen
1103 3549 1176 3618 quod
1193 3549 1364 3618 plantaverat
1381 3550 1411 3604 in

184 3665 250 3718 agro
261 3649 406 3705 Dominioo
417 3649 558 3719 pullulare,
568 3649 648 3718 coepit
658 3649 733 3717 quod
741 3648 926 3702 seminaverat
943 3663 1015 3717 aqua
1028 3646 1127 3701 divinae
1142 3646 1281 3715 sapientiae
1293 3646 1411 3716 irrigare.

184 3748 281 3818 ltaque
293 3749 335 3801 vir
344 3753 453 3803 sanctus
462 3748 581 3818 puellam
591 3750 759 3803 cathezimns
768 3749 842 3802 viam
851 3748 902 3801 Dei
922 3747 1038 3812 edocuit,
1059 3747 1207 3801 ostendens
1217 3762 1304 3799 unum
1315 3746 1411 3810 Deum,

159 3862 271 3910 sunum
283 3851 312 3900 et
327 3863 424 3901 verum
443 3848 561 3913 Patrem,
583 3851 611 3901 et
627 3847 726 3902 Filium
738 3851 766 3901 et
777 3847 907 3917 Spiritum
926 3849 1060 3911 sanctum,
1083 3849 1111 3899 et
1129 3849 1223 3899 sancto
1240 3843 1411 3914 baptismatis

184 3943 261 3998 fonte
272 3950 397 3999 renatam
407 3945 442 3999 ad
448 3945 557 4015 propria
564 3945 676 4010 remisit,
686 3950 762 3999 veste
771 3945 934 3998 innocentiae
942 3944 1124 3997 candidatam.

226 4043 262 4101 s.
284 4042 455 4098 Adveniente
473 4043 564 4112 itaque
575 4043 664 4097 noctis
683 4041 753 4096 hora
772 4041 865 4110 inqua
877 4041 992 4110 Spiritus
1008 4040 1096 4094 sancti
1115 4039 1236 4095 susurria
1247 4040 1412 4094 solentreci·

184 4156 249 4209 pere
260 4157 368 4210 sponsae
377 4140 434 4204 Dei,
444 4140 472 4193 in
483 4139 569 4193 extasi
582 4138 698 4193 efficitur
705 4138 863 4192 Katherina.
868 4139 902 4191 Et
912 4152 974 4191 ecce
984 4136 1044 4190 coeli
1052 4135 1170 4190 Domina
1178 4140 1206 4190 et
1213 4135 1306 4206 regina
1312 4134 1412 4190 Filium

185 4238 257 4294 ulnis
268 4244 387 4309 gestans,
398 4243 455 4292 tam
464 4238 617 4308 pulchrum,
627 4242 684 4291 tam
693 4237 875 4307 splendidum,
884 4241 915 4291 ut
927 4235 1018 4290 omnis
1027 4235 1135 4289 deficiat
1145 4234 1320 4305 pulchritudo
1328 4233 1413 4302 ipsius

159 4352 169 4402 p
184 4337 382 4406 pulchritudini
394 4341 560 4406 comparata
568 4336 656 4403 Quem
668 4336 759 4405 puella
767 4335 884 4399 intuens,
896 4334 953 4389 tere
966 4334 1019 4388 ruit
1031 4333 1091 4402 ejus
1110 4333 1204 4388 anima
1220 4348 1255 4388 ex
1273 4333 1333 4402 ejus
1349 4348 1412 4386 con·

185 4437 257 4491 tuitu
267 4436 423 4506 liquefacta.
433 4436 560 4505 Dixitque
572 4435 629 4488 filio
646 4437 734 4488 mater
744 4454 751 4488 :
763 4436 830 4488 Ecce
842 4436 926 4501 adut,
935 4435 985 4500 nti,
997 4434 1106 4500 famula
1123 4441 1171 4486 tua
1179 4433 1340 4498 Kallion-ina,
1349 4447 1413 4500 pcc,

184 4544 214 4589 ut
222 4537 291 4589 milri
299 4537 413 4600 ridetur,
424 4541 500 4587 tuam
517 4535 645 4601 complere
659 4550 712 4588 non
724 4534 831 4587 distulit
843 4534 1011 4586 munimem.
1028 4533 1144 4598 Intuere,
1160 4533 1210 4598 fili,
1221 4539 1245 4585 ct
1255 4532 1314 4585 cide
1324 4532 1413 4598 ipuus

184 4637 346 4704 rapinulam
358 4641 383 4688 ct
393 4635 518 4688 dccorcrn.
527 4632 562 4686 Et
573 4631 712 4687 Christus:
729 4632 802 4698 Vcrc,
810 4638 903 4697 mater,
912 4648 985 4685 nnnc
991 4632 1081 4700 placet
1094 4632 1156 4684 benc
1166 4631 1236 4683 milri
1251 4631 1412 4684 Kattcrinn.
