3142 5392
217 301 290 375 5a0
552 325 679 378 aaran.
704 326 808 379 conn.
835 327 1115 383 nierooaueme.

314 517 354 589 5⁰
380 515 465 590 Vita
481 517 600 590 sancti
615 517 832 612 Hieronymi
846 520 1051 613 presbyteri
1067 527 1105 595 et
1122 525 1328 600 confessoris
1339 530 1392 620 [iol

364 641 530 733 dlv-43¹).

248 787 313 841 llaec
327 787 388 841 Vita
405 788 555 841 maximam
572 789 792 843 convenientiam
810 789 895 844 habet
911 807 974 845 cum
992 790 1056 845 viu
1072 793 1146 847 edita
1158 795 1232 863 apud
1248 795 1331 866 ldiguc,
1343 798 1396 859 Pl

215 890 282 939 tom.
293 884 376 951 xxll,
383 901 408 953 p.
421 884 467 938 901
482 901 555 954 sqq.;
568 885 704 955 discrepat
711 902 778 940 vero
787 902 821 940 ex
833 887 888 940 hoc
896 887 998 956 duplici
1009 889 1108 958 capite,
1118 891 1194 960 quod
1205 893 1230 945 1·
1238 893 1397 949 seriesuama

216 985 314 1039 dorum
334 985 480 1037 immutata
497 989 538 1038 est
555 991 583 1039 et
602 986 630 1038 Ψ
647 985 781 1041 nonnulla
800 991 864 1040 sunt
886 986 979 1040 addita
1000 992 1060 1042 tum
1081 1005 1115 1042 ex
1138 988 1193 1043 alia
1211 990 1271 1045 vita
1283 991 1336 1047 ibid
1344 995 1397 1051 eliu

215 1101 241 1152 p.
255 1085 309 1147 183,
322 1089 380 1137 tum
392 1100 426 1137 ex
438 1084 639 1153 prolegomenis
650 1100 712 1153 quae
723 1089 834 1138 sanctus
843 1085 939 1140 doctor
948 1087 1005 1140 suis
1013 1088 1146 1156 operibus
1157 1091 1306 1159 praeposuit

314 1210 354 1280 6⁰
378 1209 464 1281 Vita
481 1209 599 1283 sancti
615 1209 812 1302 Meingoldi
831 1210 1005 1303 martyris
1022 1212 1102 1304 (iol.
1121 1214 1286 1307 lav-lu).

248 1322 328 1409 uiro
339 1355 367 1409 in
384 1358 442 1409 Aa.
455 1357 511 1419 ss,
528 1357 562 1410 aa
583 1356 637 1409 aa
653 1356 739 1421 reor,
751 1362 817 1411 tom.
836 1357 868 1421 11,
886 1373 912 1426 p.
934 1358 1051 1412 rar-rae.
1071 1389 1104 1398 -
1122 1359 1276 1414 saonam
1291 1359 1396 1415 leuem

215 1454 443 1518 codicis,ecclesia
449 1456 485 1508 ad
491 1471 575 1523 quarn
586 1455 723 1509 translatae
732 1460 795 1509 sunt
804 1455 876 1509 beati
887 1457 1014 1526 martyris
1022 1456 1146 1526 reliquiae
1155 1462 1241 1520 (num.
1249 1460 1280 1525 1),
1288 1461 1397 1514 vocabatur

214 1554 294 1609 beata
304 1556 466 1608 Mammiae.
477 1553 589 1607 Pbrasis
601 1570 676 1608 num.
694 1555 725 1608 14
736 1571 798 1623 quae
810 1554 838 1608 iu
850 1556 915 1609 edit.
927 1556 1036 1625 punctis
1048 1561 1145 1611 notata
1156 1563 1207 1622 cst,
1218 1558 1255 1612 ita
1265 1558 1292 1612 in
1300 1559 1348 1612 cod
1356 1558 1398 1627 legi·

215 1658 260 1707 tur
280 1673 286 1706 :
309 1670 423 1722 operans
444 1670 493 1720 per
510 1655 588 1706 ellum
607 1655 727 1708 emollire
744 1656 847 1721 fratris
865 1657 910 1707 sui
928 1658 1050 1709 animum
1072 1672 1139 1725 erga
1162 1658 1338 1725 Meinpoldeee
1355 1657 1398 1711 lteu

214 1755 331 1808 numid
344 1773 351 1806 1
362 1755 388 1806 ai
407 1754 532 1806 redeunte
547 1755 639 1807 aalma
659 1755 768 1820 aliquid
786 1754 857 1807 bona
870 1757 951 1823 pacis
970 1772 1034 1822 erpo
1054 1756 1240 1823 Meinpoldam
1251 1759 1316 1810 vellet
1328 1757 1400 1809 tome.

213 1852 293 1906 Num.
305 1868 371 1906 vero
383 1853 415 1906 27
427 1851 519 1905 nullus
530 1855 572 1905 est
582 1851 675 1905 hiatus
684 1851 755 1905 inter
762 1856 889 1920 passione
897 1857 926 1906 et
935 1855 1038 1908 liabent.

246 1969 370 2023 Passioni
388 1968 481 2022 addita
498 1973 562 2021 sunt
578 1968 606 2021 in
624 1969 683 2023 cod.
700 1967 830 2023 lliracula
846 1969 920 2023 edita
938 1975 1004 2023 tom.
1018 1970 1072 2034 cit,
1086 1987 1132 2040 pp.
1146 1973 1273 2036 196,197;
1288 1972 1398 2026 edula

213 2069 327 2123 mutilus
345 2072 386 2121 est
403 2068 506 2122 num.3
523 2067 614 2121 medio
637 2068 672 2121 ad
695 2084 791 2123 vocem
815 2071 949 2138 templum.
966 2069 1046 2123 Num.
1066 2070 1083 2123 2
1103 2087 1154 2139 pro
1172 2073 1268 2139 :Quod
1284 2090 1335 2126 cem
1346 2074 1399 2136 {cca

213 2177 258 2234 aet,
265 2170 383 2237 perfecte
393 2174 489 2221 curato
501 2175 546 2232 eet,
558 2166 597 2220 ita
608 2167 686 2220 cod:
704 2167 799 2222 Mulier
815 2184 881 2222 vero
899 2168 1040 2236 evigilans,
1058 2170 1133 2238 quod
1152 2170 1279 2225 divinitus
1293 2170 1399 2225 intellexa

213 2273 256 2322 rat
266 2267 326 2320 vivo
338 2283 388 2320 suo
400 2265 504 2328 retulit;
516 2270 544 2319 et
560 2265 613 2329 ille,
628 2265 776 2335 resumptis
792 2266 878 2320 animi
896 2267 999 2321 viribus
1011 2283 1047 2322 ne
1059 2268 1152 2337 lugam
1170 2276 1283 2339 caperet
1298 2250 1398 2324 visionem

213 2367 364 2435 adimplere
380 2382 435 2434 prae
447 2363 546 2434 gaudio
558 2364 705 2418 festinavit.
716 2365 858 2420 Praecessit
869 2382 923 2420 nox
935 2383 991 2435 qua
1001 2367 1036 2420 ad
1048 2373 1180 2436 aegrotam
1191 2369 1242 2423 viri
1252 2369 1298 2423 lici
1308 2369 1363 2423 tacu
1371 2372 1401 2420 et

213 2465 351 2529 allocutio,
364 2469 392 2519 et
405 2464 525 2518 secunda
536 2464 580 2517 die
597 2463 717 2530 basilicae
734 2464 806 2518 illius
823 2469 881 2518 erat
898 2465 1047 2520 Dedicatio.
1065 2467 1158 2522 lllultis
1175 2472 1266 2523 autem
1283 2465 1400 2522 festivadic

213 2565 288 2620 illie*
300 2563 536 2627 convenientibus,
545 2563 586 2616 vir
595 2567 725 2632 aegrotam
738 2563 825 2617 sancti
837 2565 871 2617 ad
885 2563 1022 2618 tumulum
1035 2565 1141 2621 detulit.
1148 2567 1182 2621 Et
1190 2568 1254 2621 dum
1266 2567 1300 2621 ibi
1307 2571 1400 2637 ageretur

212 2664 305 2718 divina
313 2662 474 2733 psalmodia,
483 2662 537 2725 illa,
546 2678 613 2716 voce
622 2662 684 2727 alta,
693 2663 904 2716 adeoutomnes
912 2663 1401 2731 mirarentur2Domine,Domiae,rcaic,

213 2764 296 2827 venio,
309 2760 389 2829 coepit
400 2760 531 2823 clamare;
544 2760 714 2828 etreptando
726 2760 860 2827 usquead
877 2760 963 2814 altare
979 2761 1151 2830 perveniens,
1163 2768 1303 2832 postquam
1318 2764 1400 2816 deoscu

210 2861 266 2914 lata
278 2865 327 2926 est,
339 2859 508 2913 consolidato
521 2874 642 2927 corpore,
654 2875 721 2912 sana
730 2865 758 2912 et
767 2858 911 2913 incolumis
920 2861 1046 2914 surrexit
1056 2861 1185 2915 Seniores
1193 2867 1282 2916 autem
1290 2861 1401 2928 locisupcr

210 2973 239 3011 re
251 2962 308 3010 tarn
321 2956 439 3010 evidenti
452 2955 615 3024 accipientes
627 2955 779 3018 consilium,
791 2972 889 3025 corpus
901 2956 974 3011 beati
992 2957 1138 3026 lleingoldi
1156 2959 1192 3013 de
1209 2960 1301 3027 majori
1316 2957 1402 3012 arteria

210 3056 258 3111 nbi
269 3061 336 3119 erat,
344 3055 409 3109 illuc
417 3054 574 3108 detulerunt
583 3058 610 3107 et
622 3053 759 3107 celebrato
769 3054 870 3108 ibidem
878 3055 1058 3110 dedicationis
1068 3057 1160 3112 officio
1171 3058 1267 3113 iterum
1276 3058 1403 3112 retulerunt

209 3156 281 3209 Sana
291 3170 402 3224 quoque
414 3158 442 3207 et
453 3152 599 3206 incolumis
610 3153 661 3206 sub
674 3153 773 3206 feretro
786 3153 928 3208 Gerlendis
941 3154 1125 3222 gradiebatur.

310 3279 347 3350 7⁰
373 3275 575 3350 Conflictus
596 3277 850 3367 apostolorum
871 3276 969 3350 Petri
988 3284 1024 3351 et
1041 3277 1148 3352 Pauli
1166 3301 1252 3353 cum
1272 3281 1404 3373 Symoue

356 3423 467 3493 mago
485 3400 563 3492 (fol.
577 3401 744 3494 lav-53⁸¹).

240 3549 365 3604 Narratio
378 3549 411 3602 de
423 3564 478 3616 qua
489 3563 579 3615 supra,
592 3563 617 3615 p.
630 3547 686 3611 rto,
698 3547 752 3600 350.
764 3576 796 3583 —
805 3547 836 3600 ln
848 3548 907 3602 cod.
920 3548 1021 3617 passim
1035 3551 1174 3606 nonnullae
1193 3553 1304 3622 phrases
1321 3551 1406 3606 ernian

208 3653 280 3701 sunt.

306 3775 344 3845 8⁰
369 3770 585 3863 Martyrium
594 3769 714 3843 sancti
722 3770 820 3844 Petri
831 3772 1239 3869 apostoliaLin0,papa
1247 3776 1407 3859 Romano,

355 3916 475 3986 graeca
498 3892 627 3985 lingua
653 3894 902 3985 conscriptum
929 3902 964 3968 et
998 3897 1242 3973 orientalibus
1272 3897 1409 3973 ecclesiis

353 4016 578 4090 destinatum
596 4017 675 4109 (fol.
694 4018 861 4113 sav-58¹).

238 4166 347 4220 Editum
357 4164 384 4220 in
397 4167 522 4218 blasima
533 4165 697 4218 Bibliotheca
708 4172 825 4218 aeterum
837 4166 959 4232 Petrum,
972 4172 1039 4221 tom.
1052 4167 1084 4231 ll,
1097 4185 1123 4237 p.
1132 4168 1217 4224 67-70.

303 4292 343 4362 9⁰
368 4290 572 4380 Martyrum
597 4288 715 4362 sancti
736 4287 842 4362 Pauli
867 4312 890 4362 a
913 4290 1018 4382 Lino,
1044 4291 1218 4388 episcopo
1243 4295 1411 4384 Romano,

352 4412 601 4504 conscriptum
618 4417 655 4485 et
671 4411 832 4486 ecclesiis
850 4413 1094 4490 orientalibus
1111 4418 1335 4493 destinatum
1347 4419 1413 4512 (iol.

353 4537 517 4626 582602').

236 4683 345 4737 Editum
359 4683 431 4748 ibid,
442 4699 467 4751 p.
481 4682 566 4735 70-73.
