3142 5392
266 351 340 404 aral.
365 350 447 404 aas.
472 349 646 404 nnuman.
671 372 719 384 —
746 351 893 406 arram.
920 353 966 405 an
991 353 1070 406 con.
1098 345 1138 407 u⁰
1162 353 1269 407 asaro.
1327 336 1371 411 71

193 541 287 614 quatinus
294 540 323 594 ad
335 555 364 593 se
375 539 432 594 tllia
448 539 507 608 eius
524 539 790 610 Constantinopolim
807 542 958 607 duceretur,
976 541 1024 596 uhi
1044 542 1117 597 beati
1136 543 1268 612 Stephani
1283 550 1374 615 proto·

194 638 286 708 naumis
299 653 390 706 corpus
406 637 525 705 jacebat.
538 638 640 692 Euntes
657 655 721 708 ergo
737 638 937 708 redeuntesque
954 639 1045 709 legati,
1057 640 1188 696 velociter
1204 642 1296 696 ferunt
1306 643 1375 698 rele-

193 743 277 806 runtque
295 735 426 789 mandata
444 735 499 788 Sed
519 735 584 804 quia
601 736 740 791 demones
757 741 785 789 et
800 741 898 791 natura
918 737 1008 791 callidi
1025 743 1053 792 et
1069 755 1195 793 sermone
1207 756 1325 810 nugaces
1346 745 1375 797 et

194 850 289 903 responso
299 833 370 887 dubii
386 838 459 897 sunt,
470 833 606 903 malignus
615 833 659 888 ille
671 834 782 903 spiritus
791 851 847 889 non
864 852 898 889 se
911 836 946 889 ad
963 837 1142 905 Stephanum,
1153 839 1202 892 sed
1220 839 1374 909 Stephanus

175 933 244 993 autad
252 948 274 985 se
286 931 369 985 veniat
381 936 507 1000 oportere
519 931 653 987 minatur:
664 932 786 1002 alioquin
797 950 853 988 non
864 951 894 987 se
903 934 1065 999 {exiturum
1079 937 1154 1005 quod
1166 937 1202 990 ab
1214 937 1279 1006 ipsis
1290 939 1374 994 etiam

195 1029 295 1100 apostolia
303 1030 378 1084 Petro
391 1029 522 1084 videlicet
537 1034 566 1084 et
580 1030 675 1095 Paulo,
686 1030 739 1084 sibi
756 1048 915 1085 concessum
928 1049 987 1087 esse
1001 1033 1116 1088 dicebat.
1127 1035 1205 1089 Unde
1218 1035 1320 1089 tactum
1333 1042 1375 1091 est

196 1127 309 1182 utconsilio
324 1128 396 1181 beati
415 1127 527 1198 Pelagii,
539 1128 616 1182 urbis
633 1129 759 1198 episcopi,
777 1130 824 1199 qui
839 1135 903 1184 tunc
920 1132 1052 1200 temporis
1064 1133 1219 1202 apostolicae
1237 1135 1374 1190 cathedra

197 1224 323 1292 presidebat,
332 1224 430 1279 itemm
441 1226 477 1279 ad
488 1225 682 1295 imperatorem
693 1226 775 1296 legati
785 1227 964 1282 mitterentur.

224 1321 249 1376 4.
265 1319 304 1374 llis
318 1327 449 1390 augustus
461 1320 652 1390 cognitis,mox
662 1321 927 1392 Constantinopolim
937 1322 1094 1392 episcopum
1106 1341 1257 1394 omnesque
1268 1325 1375 1380 nobiles

168 1430 187 1479 tt
198 1420 322 1488 etprinates
341 1416 466 1480 civitatis,
484 1432 602 1486 quorum
619 1415 732 1470 oonsilio
751 1421 779 1470 et
795 1417 939 1485 prudentia
956 1419 1108 1488 respublica
1128 1421 1279 1489 regebatur,
1293 1422 1327 1474 ad
1344 1437 1374 1476 se

199 1517 370 1584 acceuirijubet.
380 1515 485 1582 Quibus
494 1513 732 1568 circumstantibus
749 1513 802 1568 ait:
814 1517 875 1569 Non
887 1519 949 1570 latet
961 1519 1125 1571 dilectionem
1133 1527 1256 1586 ecetram,
1269 1528 1372 1588 patrea,

199 1618 244 1682 mid
256 1618 359 1669 meroris
377 1622 401 1668 et
415 1615 608 1668 sollicitudinis
618 1615 687 1666 milri
697 1616 740 1680 ait,
752 1631 811 1667 cum
824 1632 908 1667 meam
923 1619 1076 1683 propeniem
1088 1625 1143 1670 tam
1159 1622 1245 1672 atroci
1252 1620 1375 1687 periculo

199 1715 272 1766 oldam
280 1715 410 1780 subjacere.
425 1714 502 1778 Quod
513 1713 620 1780 quidem
631 1720 655 1766 et
667 1729 712 1780 eqo
718 1716 861 1780 perspicae
872 1716 987 1781 cognovi,
999 1722 1023 1768 et
1034 1732 1078 1769 roa
1090 1718 1145 1783 ipsi
1161 1719 1230 1769 milri
1241 1720 1374 1773 multoties

200 1813 333 1866 emioluietir.
342 1814 373 1865 Si
384 1819 468 1866 vester
478 1813 565 1879 igitur
574 1813 652 1867 modo
660 1813 737 1865 rabia
747 1829 874 1866 aarenoua
883 1815 959 1879 aaait,
969 1816 1119 1868 invenimur
1129 1817 1271 1869 consilium
1279 1833 1330 1885 quo
1341 1819 1375 1872 ab

170 1915 190 1963 u
200 1907 249 1959 ma
261 1911 328 1963 mleot
343 1910 463 1963 liberari.
475 1909 598 1977 Cumque
610 1924 707 1962 omnes
723 1912 751 1962 et
766 1925 908 1963 assensum
927 1915 954 1964 et
971 1911 1102 1965 auxilium
1119 1911 1174 1965 laeti
1191 1913 1255 1966 totis
1271 1913 1375 1969 viribus

201 2003 352 2072 polioerentua
361 2008 511 2076 imperator
519 2023 630 2061 omnem
648 2023 715 2072 rem,
727 2007 796 2061 sicut
807 2013 875 2074 erat,
886 2025 920 2062 ex
932 2009 1027 2062 ordine
1043 2010 1179 2079 patefecit
1190 2012 1251 2065 lam
1264 2012 1375 2067 demum

201 2100 256 2169 igitur
269 2105 326 2160 ciras
343 2106 522 2175 intelligentes
541 2106 576 2159 ad
593 2105 659 2175 quid
677 2106 747 2175 regis
766 2107 901 2161 sententia
918 2108 1047 2172 tenderet,
1066 2109 1201 2177 perterriti
1218 2109 1375 2179 turbatique

201 2200 245 2266 qnid
254 2205 371 2272 superbae
380 2221 410 2258 re
422 2205 587 2274 respondere
596 2205 715 2258 debeant
722 2204 845 2259 invenire
859 2207 1074 2274 nequeuntllox
1084 2207 1158 2260 tama
1169 2207 1252 2273 volat,
1263 2212 1375 2278 totaque

202 2296 318 2358 ciritashoo
328 2320 380 2358 uno
398 2320 526 2358 sermone
543 2304 670 2373 repletur,
682 2304 756 2372 quod
768 2303 894 2358 videlicet
911 2305 1061 2373 imperator
1077 2306 1150 2360 beati
1166 2308 1375 2376 protomartyris

171 2397 192 2450 tt
203 2394 295 2464 Stephani
304 2419 394 2472 corpus
411 2403 518 2457 auterre
537 2403 671 2472 disponat.
682 2402 780 2471 Ingens
797 2403 883 2457 oritur
893 2402 990 2468 luctus,
1002 2404 1032 2457 fit
1044 2420 1191 2458 concursus
1202 2405 1374 2475 populorum,

202 2491 269 2549 donus
281 2499 415 2556 ululatibus
434 2505 573 2565 resonant,
589 2518 741 2571 omnesque
760 2501 857 2571 platea
876 2501 1037 2556 inordinatis
1054 2503 1168 2557 vocibus
1184 2504 1307 2558 reboant
1324 2505 1376 2559 llio

201 2588 267 2646 urben
275 2598 356 2663 perire,
374 2598 418 2652 ille
435 2599 589 2652 libertatem
602 2599 758 2667 ademptam
771 2597 838 2664 (aad.
847 2599 992 2668 adeptam),
1004 2598 1051 2652 alii
1063 2603 1187 2654 tutamen
1204 2605 1232 2654 et
1243 2600 1375 2656 auxilium

201 2685 298 2747 suarm
309 2696 429 2751 clamant

228 2783 252 2840 5·
269 2785 373 2847 Tandem
385 2792 467 2862 pauci
481 2791 582 2861 quibus
602 2792 684 2846 altior
695 2791 796 2861 ingenii
810 2796 838 2845 et
855 2790 994 2860 sapientiae
1010 2791 1164 2846 intellectus
1182 2797 1247 2857 erat,
1260 2793 1376 2848 scientes

170 2882 307 2946 alaeam
322 2907 349 2945 se
369 2890 398 2943 in
415 2891 492 2942 tanta
510 2887 672 2941 necessitate
690 2887 824 2941 voluntati
843 2886 915 2956 regis
931 2887 1042 2941 obviare
1059 2903 1115 2941 non
1132 2904 1220 2957 posse,
1237 2889 1376 2957 quoddam

201 2976 303 3042 inreniunt
312 2991 555 3059 temperamentum
568 3003 623 3054 quo
644 2989 720 3039 tanto
732 2985 847 3051 {vulneri
864 2985 982 3039 civitatis
993 2986 1098 3040 mederi
1114 2985 1231 3040 valeant
1244 2986 1377 3053 Quocirca

201 3073 312 3141 iratorum
323 3089 403 3143 astuti
413 3088 545 3142 adeuntes
556 3085 758 3154 imperatorem,
765 3084 866 3138 talibus
875 3101 940 3138 eum
948 3085 1066 3138 affantur
1077 3085 1184 3138 verbis:
1196 3086 1269 3139 Sciat
1279 3087 1378 3153 ylario·

200 3173 288 3236 aaran
301 3189 418 3255 omnique
435 3187 533 3238 virtute
545 3191 569 3237 et
585 3185 714 3250 dignitate
726 3184 860 3251 proditur
872 3185 1020 3250 imperator
1036 3200 1139 3251 semper
1156 3192 1295 3251 capuana,
1307 3186 1378 3251 quod

200 3274 264 3330 “itit
280 3286 346 3339 rerba
364 3287 460 3338 ciritae
477 3284 665 3337 scandalizata
681 3284 766 3334 nimio
783 3283 873 3335 dolore
888 3284 1026 3348 nimioque
1042 3283 1156 3335 tristitia
1173 3284 1288 3350 languet.
1311 3284 1378 3348 Quia

169 3366 292 3435 amam,
303 3384 384 3437 doleat
399 3390 472 3437 tanto
491 3398 519 3436 ae
528 3383 641 3450 privari
646 3383 789 3447 patrono?
807 3382 956 3449 Quicmque
966 3383 1041 3447 ferat
1052 3382 1122 3433 tanti
1132 3383 1265 3448 martyria
1280 3383 1377 3448 depr&

198 3463 311 3532 imam?
324 3483 477 3547 Uaieaapes
489 3481 595 3542 civitem,
606 3479 793 3545 agrotantium
809 3479 949 3543 medicina,
959 3478 1121 3530 miserorum
1138 3479 1276 3543 resupinam
1288 3479 1318 3529 ia
1329 3478 1377 3530 hoe

197 3575 344 3646 “tomam
362 3586 429 3632 erat.
446 3579 504 3631 Hoc
516 3593 570 3630 uno
588 3577 760 3629 intercessore
782 3577 857 3642 opud
872 3577 985 3641 superni
998 3576 1105 3641 judicie
1125 3576 1288 3628 elementiam
1300 3577 1381 3641 quari

197 3672 409 3746 ramesmere
418 3678 473 3730 Deo
485 3677 582 3729 donato
598 3680 669 3728 totus
679 3675 723 3726 hic
737 3675 856 3741 papulae
868 3674 1000 3737 utebatur,
1012 3674 1093 3727 Dives
1104 3674 1243 3739 eetItoma,
1254 3676 1381 3743 reliquiis

197 3773 322 3841 mmmm).
332 3778 408 3829 ebria
419 3783 464 3839 eat,
480 3782 511 3828 at
523 3781 663 3842 putamur,
675 3774 807 3839 sanguine
823 3773 1061 3837 sanctorquuid
1076 3779 1113 3826 eat
1125 3774 1211 3838 ipitrer
1222 3774 1293 3840 quod
1304 3774 1380 3827 ebria

167 3854 326 3929 ittitittllolet
336 3877 475 3943 apostolor.
485 3876 529 3928 lbi
537 3876 642 3939 Petrus,
651 3874 833 3940 apostolorum
838 3873 974 3938 princeps,
984 3873 1023 3924 ibi
1031 3873 1143 3935 Paulae,
1154 3874 1273 3938 gentium
1282 3874 1379 3927 doctor.

199 3955 234 4011 m·
244 3968 337 4028 arm
347 3975 597 4042 terrenamque
612 3972 778 4025 amaram
795 3977 840 4023 m.
857 3971 912 4023 aas
923 3971 1029 4037 areanae
1046 3978 1070 4025 e
1081 3972 1199 4024 soriam
1212 3978 1330 4039 poema
1348 3973 1379 4026 a

196 4059 239 4112 “tlt
249 4075 267 4119 et
279 4073 303 4124 in
316 4081 391 4126 terra
403 4075 529 4140 prestita
545 4078 590 4125 eet.
607 4071 693 4123 Proat
709 4070 796 4135 igitur
816 4070 915 4133 rolant,
933 4069 1062 4135 quomodo
1079 4070 1169 4121 volum
1189 4076 1213 4121 et
1232 4071 1263 4122 ia
1283 4071 1380 4137 quibua

196 4157 259 4217 mua
269 4185 313 4223 ma
332 4178 450 4224 utuntur
461 4176 596 4237 pateatote.
613 4169 651 4221 Et
667 4170 730 4222 tatia
750 4169 865 4235 quidem,
877 4169 903 4220 ai
920 4168 1020 4233 vellent,
1040 4168 1122 4233 facile
1142 4174 1208 4221 esset
1225 4169 1298 4235 regia
1318 4169 1381 4234 filia

195 4260 284 4322 lllitere
297 4272 413 4324 aairmrn.
430 4269 483 4322 Sed
502 4269 569 4337 quid
584 4268 692 4320 multa?
705 4267 928 4334 Quandoquidem
946 4267 1018 4332 repis
1030 4282 1147 4319 censura
1167 4268 1288 4332 demerit,
1299 4268 1380 4335 idque

163 4346 327 4422 timiama
343 4376 372 4422 ut
387 4375 533 4436 martyrem
544 4372 667 4420 acetrum
683 4367 746 4418 irinc
763 4366 904 4432 asportari
913 4365 1009 4430 faciat,
1027 4366 1119 4417 saltim
1132 4380 1186 4431 pro
1197 4381 1380 4431 recompenso·

195 4448 250 4522 ulit
258 4470 360 4519 atroam
370 4467 490 4520 omnium
497 4463 664 4532 perturbatio
672 4464 781 4530 placari
798 4463 891 4527 valeat,
902 4478 988 4514 unum
1001 4479 1078 4530 quem
1088 4463 1212 4528 eligimur
1229 4469 1377 4531 martyrem

195 4549 606 4629 ”mammaeam-arm

223 4647 248 4708 8.
265 4656 361 4716 Placuit
373 4665 497 4731 augusto,
513 4659 661 4728 statimque
676 4658 796 4713 Romam
814 4658 896 4712 beato
912 4655 1023 4726 Pelagio
1040 4673 1117 4726 papa
1138 4673 1255 4727 propero
1273 4656 1378 4711 litteras
