3142 5392
270 357 362 407 aran.
388 356 470 409 aaa.
497 357 670 409 sauram.
697 380 744 389 —
770 358 851 411 coo.
878 349 917 410 u⁰
941 359 1066 413 rasa-ar.
1216 341 1285 414 581

54 560 140 612 quam
152 546 228 599 omni
240 547 315 599 cultu
325 547 463 601 defloratis
476 553 503 601 et
514 548 642 602 coloratis
654 548 828 602 sermonibus
840 548 964 603 lavarem
984 566 1079 603 eornm
1098 550 1168 605 milri
1181 553 1289 607 allecta-

55 659 114 696 rem

100 745 155 801 11.
178 744 245 812 Quae
264 746 389 799 videlicet
400 747 500 815 scripta
519 764 580 800 mea
592 748 636 800 vel
654 747 775 816 epistolae
793 764 857 802 cum
877 753 940 816 post
951 748 1057 803 obitum
1072 749 1180 804 illorum
1191 751 1292 821 quibus

55 844 166 897 directa
178 845 294 906 fuerant,
303 843 402 910 aliqum
412 842 585 912 imperfecta,
598 859 693 896 omncs
703 859 768 896 vero
780 844 946 909 incorrectae,
958 846 1036 914 quasi
1046 847 1146 902 nullius
1155 849 1233 917 pretii
1244 850 1291 904 diu

19 949 36 996 a
52 943 204 1010 jacuissent
215 941 343 1011 dispersae
352 942 493 1010 magisque
505 958 551 994 eas
559 942 709 995 abolendas
721 959 804 1010 quam
815 944 995 997 reservandas
1005 945 1189 1012 decernerem,
1199 965 1216 1001 a
1225 964 1291 1002 non·

55 1041 137 1095 nullis
156 1041 203 1110 qui
221 1058 268 1094 eas
286 1041 408 1109 legerunt
421 1041 599 1093 vehementer
610 1042 770 1110 objurgatus
788 1058 858 1103 sum,
876 1058 925 1095 cur
945 1042 1089 1096 utilitatem
1109 1047 1177 1099 tanti
1190 1046 1293 1101 laboris

55 1140 191 1208 perditam
205 1143 218 1167 ¹*
231 1140 264 1194 iri
281 1140 468 1208 permitterem
518 1139 628 1193 tandem
647 1140 674 1193 in
692 1140 746 1193 hoc
763 1140 832 1193 cessi
848 1141 1003 1210 petentibus
1016 1147 1052 1203 ut,
1070 1143 1135 1212 quia
1152 1161 1208 1212 pite
1219 1145 1292 1199 intir-

54 1241 152 1294 mitate
169 1238 291 1308 corporis
309 1244 337 1291 et
354 1256 455 1307 angore
474 1238 558 1291 animi
579 1254 626 1291 eas
643 1238 778 1307 corrigere
799 1244 827 1292 et
846 1239 977 1307 perticere
995 1257 1051 1294 non
1063 1259 1181 1310 possem,
1193 1245 1291 1299 saltem

54 1344 82 1392 et
103 1356 120 1391 a
140 1339 310 1406 dispersione
328 1338 486 1391 recollectas
503 1343 530 1390 ct
546 1337 574 1389 in
592 1353 678 1390 unum
699 1354 798 1407 corpus
817 1338 940 1392 redactas
957 1339 1047 1408 legere
1067 1341 1221 1396 volentibus
1233 1345 1292 1398 'tra-

10 1446 36 1493 tti
54 1438 159 1490 derem.
176 1437 210 1489 Et
227 1439 329 1490 lactum
348 1442 390 1489 est
408 1437 454 1490 ita.

99 1534 154 1592 12.
177 1535 238 1598 Sed,
247 1540 277 1588 ut
289 1539 317 1586 et
328 1534 362 1587 de
372 1535 436 1603 ipsis
446 1533 566 1602 epistolis
578 1539 605 1586 et
618 1533 678 1586 aliis
688 1533 826 1601 opusculis
839 1534 908 1586 meis
920 1535 1010 1588 adhuc
1020 1552 1108 1604 pauca
1120 1537 1293 1607 subjungam,

55 1635 81 1687 in
99 1634 221 1688 secunda
238 1631 429 1686 combustione
446 1630 567 1683 ecclesiae
585 1636 693 1692 nostrae,
709 1630 788 1683 idest
799 1630 1011 1697 Gemblaceusis,
1028 1648 1091 1700 quaa
1109 1638 1170 1702 post
1187 1634 1293 1703 aliquot

54 1750 150 1795 annos,
162 1732 215 1785 hoc
225 1737 266 1784 est
275 1746 331 1783 uno
341 1730 455 1783 miuusa
464 1732 540 1781 xax²⁸
550 1729 651 1797 (prima
659 1729 777 1782 necdum
787 1730 820 1781 ad
831 1730 967 1799 integrum
978 1733 1122 1798 restructa)
1132 1749 1250 1801 quaeque
1258 1749 1292 1787 ex

53 1848 153 1900 guerra
162 1833 199 1896 (l)
211 1829 287 1883 ducis
299 1827 478 1881 Loraniensis
491 1832 519 1881 et
530 1827 638 1880 comitis
651 1825 829 1879 Namucensis
841 1827 948 1892 accidit,
960 1845 1015 1882 non
1029 1829 1067 1882 ita
1078 1829 1148 1883 sicut
1161 1829 1188 1883 in
1202 1831 1293 1898 priore

10 1937 36 1985 tt
56 1947 102 1984 me
119 1930 213 1984 habui.
231 1930 284 1982 Sed
303 1945 317 1981 e
330 1926 454 1981 cavernis
467 1927 494 1980 in
507 1926 606 1995 quibus
623 1925 707 1979 instar
719 1932 825 1979 noctuae
840 1926 881 1980 vel
893 1927 1012 1981 bubonis
1022 1928 1111 1998 ignavi
1121 1930 1170 1984 diu
1180 1929 1293 1984 delitue-

56 2047 115 2082 ram
129 2045 260 2097 egressus,
268 2044 325 2080 non
339 2027 462 2095 vagando
472 2027 520 2079 sed
529 2026 644 2079 meliora
656 2026 833 2093 exploranda,
843 2032 955 2094 propter
971 2044 1112 2081 morosam
1121 2030 1205 2083 nimis
1220 2029 1292 2083 clau·

55 2128 104 2181 stri
122 2127 349 2180 restaurationem
364 2126 431 2179 alias
443 2125 601 2194 demigravi.
615 2125 762 2193 Comperta
773 2132 865 2178 autern
884 2126 960 2178 lama
971 2126 1156 2180 celeberrima
1175 2127 1293 2197 virginis,

57 2225 229 2293 Hildegardis
238 2227 252 2253 ’
264 2224 383 2284 nomine,
393 2222 553 2275 fundatricis
569 2228 597 2275 et
609 2222 746 2290 magistre
763 2223 880 2276 coenobii
890 2223 964 2290 quod
976 2241 1055 2277 secus
1063 2225 1207 2294 Binguiam
1218 2225 1292 2294 oppi-

58 2324 123 2377 dum
135 2323 162 2375 in
172 2328 267 2386 monte
279 2321 365 2375 sancti
377 2326 408 2375 ut
421 2321 541 2374 cernitur
552 2319 666 2374 Roberti
681 2320 764 2374 situm
775 2323 789 2349 ’
798 2326 846 2381 est,
859 2321 905 2375 illo
918 2326 1024 2376 tantum
1038 2323 1193 2377 devotionis
1209 2340 1294 2378 causa

10 2428 37 2479 ta
56 2439 101 2477 mc
115 2423 227 2483 contuli,
246 2421 342 2475 notitia
359 2421 554 2475 storatianum
567 2420 894 2489 ejussullragiissicutet
912 2421 995 2475 ceteri
1014 2422 1060 2491 qui
1078 2423 1114 2476 ad
1131 2439 1193 2476 eam
1210 2423 1293 2478 simili

56 2538 106 2591 pro
117 2538 201 2575 causa
210 2537 357 2574 numerose
367 2521 550 2581 continebant,
559 2521 629 2573 scire
641 2519 737 2573 volens
750 2525 840 2573 utrum
855 2520 882 2573 in
893 2537 925 2573 ca
934 2521 1152 2576 conversationis
1163 2523 1293 2577 sanctitas

56 2625 84 2673 et
104 2620 225 2674 nominis
242 2620 385 2673 celebritas
399 2620 604 2683 concordarent,
617 2623 644 2671 et
656 2635 716 2687 quae
728 2618 771 2672 cui
790 2619 1011 2687 praeponderaret
1027 2619 1164 2674 subtiliter
1176 2622 1293 2690 experiri

55 2719 177 2788 cupiens.
195 2719 312 2772 Proinde
326 2720 387 2772 veni
410 2719 444 2771 ad
463 2735 540 2780 eam;
553 2734 652 2786 meque
671 2722 733 2786 post
754 2716 887 2771 humilem
908 2718 1158 2773 consalutationem
1176 2721 1294 2790 benigne

57 2823 196 2886 suscepto,
211 2816 464 2885 cum-aliquantum
483 2815 611 2870 collocuti
632 2815 785 2873 fuissemus,
803 2815 897 2885 gratia,
915 2821 946 2870 ut
963 2832 1033 2882 reor,
1050 2818 1151 2871 Christi
1169 2818 1294 2884 faciente,

10 2922 40 2971 tt
56 2915 224 2984 complacuit
236 2916 316 2968 nobis
326 2916 353 2969 in
366 2914 539 2979 alterutrum,
547 2915 573 2968 id
586 2919 627 2967 est
636 2914 705 2968 mihi
715 2914 742 2967 in
755 2931 816 2967 eam
828 2919 856 2967 et
868 2915 893 2967 ei
903 2915 929 2968 in
940 2932 993 2980 me,
1002 2922 1029 2969 et
1039 2917 1130 2971 vultus
1139 2918 1225 2971 nostri
1237 2934 1293 2972 non

56 3021 122 3069 sunt
141 3015 259 3082 amplius
280 3016 309 3069 in
326 3014 433 3068 diversa
455 3014 552 3067 mutati
573 3014 640 3082 quin
658 3030 708 3067 nos
727 3013 844 3067 invicem
863 3014 1046 3083 diligeremus.
1068 3017 1104 3070 Ut
1123 3033 1189 3071 vero
1206 3017 1294 3070 multa

56 3120 228 3183 preteream,
245 3114 304 3182 ipsa
322 3119 484 3182 procurante
497 3119 524 3166 et
536 3113 654 3166 multum
666 3128 748 3180 super
760 3113 813 3166 troc
825 3113 975 3176 laborante,
993 3118 1090 3182 rogatu
1102 3115 1292 3183 religiosorum

57 3215 180 3266 virorum
194 3218 220 3266 et
233 3213 352 3266 maxime
363 3229 446 3265 suasu
464 3213 656 3280 episcoporum
674 3212 722 3280 qui
740 3213 775 3265 ad
793 3230 855 3265 eam
874 3213 1017 3266 visendam
1036 3213 1122 3282 gralia
1139 3213 1293 3267 devotionis

57 3313 269 3375 conveniebant,
287 3314 374 3366 mansi
387 3329 450 3366 cum
468 3329 501 3366 ea
513 3311 605 3379 quoad
618 3311 693 3376 vixit,
712 3312 740 3365 id
757 3317 798 3365 est
815 3329 864 3380 per·
876 3313 946 3365 duos
958 3327 1054 3365 armos,
1064 3312 1098 3365 Et
1114 3312 1294 3367 vehementer

10 3414 40 3466 ³⁰
58 3412 269 3480 deprecantibus
278 3418 306 3465 et
315 3412 474 3481 cogentibus
487 3410 633 3464 abbatibus
645 3416 672 3464 ct
684 3411 795 3479 reliquis
808 3411 854 3479 qui
864 3413 898 3464 ad
907 3412 966 3479 ejus
978 3411 1108 3479 exequias
1116 3413 1293 3477 advenerant,

56 3513 84 3561 et
95 3509 217 3562 maxime
229 3509 369 3561 sororibus
381 3525 450 3577 quas
462 3507 524 3560 illuc
537 3507 595 3575 ipsa
606 3508 642 3560 ad
654 3507 829 3561 serviendum
846 3509 905 3561 lieo
918 3524 1034 3561 numero
1046 3525 1079 3562 av
1091 3515 1293 3578 aggregaverat,

54 3607 229 3671 instantibus,
239 3607 398 3661 continuavi
408 3613 435 3660 et
447 3607 567 3660 tertium.
577 3607 609 3659 Et
626 3622 689 3659 cum
707 3605 735 3659 ia
753 3606 814 3660 aliis
826 3607 980 3676 quibusque
992 3608 1152 3661 necessariis
1163 3608 1292 3663 obedien·

55 3705 161 3758 tissime
181 3705 221 3757 eis
238 3705 398 3773 paruissem,
411 3704 438 3757 in
455 3704 510 3757 hoc
528 3709 643 3766 tantum,
655 3703 731 3771 quod
748 3719 858 3757 summa
875 3703 1027 3757 intentione
1045 3709 1208 3773 extorquere
1225 3706 1292 3760 nite·

54 3804 164 3865 bantur,
176 3804 304 3857 videlicet
323 3809 353 3857 ut
370 3820 432 3856 cum
452 3803 491 3856 eis
509 3806 641 3871 perpetuo
658 3802 793 3870 degerem,
812 3803 847 3855 ab
868 3803 1026 3857 obedientia
1046 3804 1141 3869 deieci,
1158 3806 1291 3873 quoniam

10 3908 37 3958 ³5
55 3902 162 3956 consilii
172 3918 228 3955 non
242 3903 293 3957 luit
304 3902 484 3969 (conscientia
494 3903 653 3965 revocante)
665 3906 695 3955 ut
707 3902 760 3954 troc
772 3902 812 3954 eis
821 3902 1011 3956 concederem.

99 3998 155 4056 13.
178 4000 208 4054 ln
218 4000 315 4053 eadem
328 4006 421 4053 tamen
435 4016 514 4052 mora
526 3998 661 4066 quainter
673 3997 733 4050 illas
745 4002 923 4052 conversatus
935 4015 995 4051 sum
1007 4015 1062 4053 non
1072 4016 1169 4068 parum
1179 4001 1291 4069 proieci,

55 4098 153 4152 videns
162 4104 190 4151 et
202 4098 349 4159 admirans,
357 4102 385 4151 et
397 4113 441 4150 me
453 4097 543 4165 ipsum
556 4095 635 4163 quasi
644 4111 757 4164 segnem
769 4095 923 4164 despiciens
932 4095 955 4150 si
964 4112 1020 4150 non
1031 4097 1058 4150 ia
1067 4097 1159 4166 aliquo
1168 4099 1292 4155 imitarer

54 4216 163 4253 sacram
176 4199 413 4252 conversationem
433 4197 558 4265 gloriosa·
571 4196 642 4249 illius
654 4196 846 4259 multitudinis,
859 4197 935 4250 omni
947 4213 1046 4266 genere
1059 4198 1191 4253 virtutum
1209 4200 1292 4255 reful-

55 4299 145 4368 gentis
161 4303 188 4351 et
201 4298 228 4350 ia
241 4312 309 4350 sexu
318 4295 406 4364 fragili
419 4297 532 4359 meritis,
546 4296 658 4349 hortatu
675 4300 703 4354 et
721 4297 854 4365 exemplis
866 4297 1003 4366 magistrae
1015 4313 1080 4362 sure,
1092 4298 1201 4352 hostem
1214 4300 1292 4355 illum

10 4405 38 4456 lo
57 4396 255 4466 triumphantis
272 4396 306 4449 dc
326 4397 405 4462 cujus
417 4395 606 4463 magnitudine
619 4394 692 4448 Deus
709 4396 744 4448 ad
764 4396 817 4448 lul)
834 4396 918 4450 dicit:
939 4398 1001 4451 Non
1021 4405 1060 4451 eet
1075 4407 1193 4466 potestus
1209 4418 1292 4469 super

55 4508 230 4565 terramque
246 4499 405 4564 comparari
419 4499 506 4562 possit
523 4498 548 4549 ei
566 4497 615 4562 qni
629 4498 722 4560 factus
739 4504 777 4548 est
795 4504 823 4547 ut
840 4499 946 4549 auitum
958 4500 1071 4563 timeret,
1083 4505 1107 4551 et
1124 4502 1182 4573 ipse
1193 4509 1230 4554 eat
1242 4518 1292 4556 rea

56 4614 140 4664 arcprer
151 4613 242 4649 omncs
252 4598 325 4661 fiilos
335 4596 473 4662 superbia.

90 4763 129 4826 (l)
142 4760 195 4814 Cir.
208 4776 302 4828 supra,
315 4776 340 4827 p.
352 4761 409 4813 5¹39.

1374 2241 1389 2268 ⁴
1400 2241 1456 2292 cod.

1334 2304 1504 2381 Hillegardis.
1558 2338 1562 2343 -

1317 2373 1396 2426 ‘cod
1407 2376 1515 2425 sertum.
1554 2418 1559 2426 .
