3142 5392
185 323 257 396 soi
520 345 646 397 cirin.
673 345 777 397 couu.
803 345 1081 400 nncroonnrma

183 540 247 589 sunt
258 534 391 589 miracula
398 534 498 604 Diogili
508 535 588 599 facta,
597 551 659 602 qne
668 551 702 588 ex
717 535 770 588 hoc
780 535 838 604 ipso
848 536 942 590 codice
955 537 1029 591 edita
1040 543 1105 591 sunt
1114 541 1195 594 Anci.
1203 542 1357 609 Botttonlil

182 653 207 703 p.
219 634 305 689 58-64.
318 667 348 675 -
366 635 494 704 Sequitur
510 634 568 700 (iol.
586 634 629 701 95)
648 634 749 702 duplex
761 635 882 696 hvmnns
898 636 933 689 de
950 637 976 690 S.
994 637 1126 706 Eugenio,
1143 638 1178 692 ad
1189 656 1296 710 respern
1308 644 1357 697 su

183 735 340 788 matutinas

281 833 321 905 9⁰
346 831 398 905 De
440 830 558 905 sancii
597 830 751 923 Eugenii
794 831 964 905 Toletani
1005 834 1169 928 episcopi
1212 838 1360 913 virtutihus

330 945 536 1038 magnificis
557 946 634 1038 (iol.
661 948 850 1041 96¹-115').

215 1077 323 1130 Editnm
336 1093 368 1130 ex
382 1077 435 1129 hoc
444 1077 503 1129 cod.
517 1076 545 1130 in
554 1079 635 1129 Anat.
645 1077 723 1141 Bois,
732 1081 798 1130 tom.
811 1077 857 1137 111,
866 1093 891 1144 p.
900 1077 986 1131 assi.

657 1305 925 1317 ——.—.

490 1592 694 1703 Appendix
719 1593 768 1679 ad
793 1593 874 1680 eod.
903 1593 1094 1684 1820-27.

226 1850 264 1893 ns
286 1832 326 1893 sti
348 1849 488 1894 coroner
510 1850 630 1893 vincius
652 1850 689 1894 nr
711 1851 865 1894 urarrnr.
889 1831 965 1915 (Cir.
987 1852 1099 1916 supra,
1121 1856 1196 1920 pag.
1218 1839 1282 1915 301,
1299 1842 1341 1923 5⁰.)

180 2031 310 2103 Incipit
343 2031 466 2103 passio
501 2034 640 2092 sanctae
678 1982 855 2093 columhae
887 2034 1053 2107 virginis,
1086 2039 1204 2109 pridie
1231 2043 1366 2102 mendas

700 2133 874 2203 ianuarii.

223 2325 253 2379 1.
274 2326 313 2378 Eo
331 2329 455 2394 tempore
471 2341 556 2393 quum
568 2324 659 2378 adhuc
676 2325 797 2378 mundns
809 2324 860 2378 sub
877 2325 970 2394 gentili
982 2331 1055 2381 esset
1066 2328 1195 2384 redactus
1206 2348 1296 2399 errore,
1306 2331 1364 2400 niqui

177 2423 277 2477 Christi
298 2421 457 2476 credulitate
480 2426 544 2474 rota
567 2420 688 2474 contenti
712 2426 871 2475 exercerent
893 2421 998 2484 devote.
1021 2440 1193 2493 paganorum
1216 2433 1365 2483 coercerentur

177 2522 289 2585 insidiis,
309 2521 458 2575 adveniens
480 2525 544 2574 tnnc
564 2536 581 2573 a
600 2520 724 2589 partibus
749 2519 867 2573 Orientis
890 2520 1055 2575 Aurelianus
1074 2523 1232 2594 imperator,
1252 2528 1381 2583 multarunt

176 2620 388 2674 christianorum
397 2618 539 2672 etiundens
548 2617 708 2686 sangninem
723 2634 771 2685 pro
784 2617 896 2672 nornine
908 2618 1016 2681 Christi,
1025 2623 1153 2688 pervenit
1161 2630 1252 2678 antem
1260 2625 1362 2679 annin

175 2736 235 2788 qnae
254 2724 366 2771 vocatur
383 2718 512 2771 Senones
528 2716 669 2785 Ingressus
687 2721 728 2770 est
747 2732 807 2770 eam
826 2717 870 2770 die
888 2722 986 2770 oetam
998 2717 1130 2774 kalendas
1139 2723 1281 2790 januarias,
1294 2724 1317 2777 in
1328 2736 1362 2791 qno

175 2818 349 2871 Nativitatem
362 2815 471 2870 Domini
487 2816 573 2869 nostri
589 2816 653 2869 lesu
673 2815 880 2869 christianitatis
898 2822 1006 2871 exercet
1022 2817 1128 2887 religio.
1139 2821 1258 2876 Audiens
1272 2823 1363 2877 delata

175 2916 316 2979 Columba,
328 2916 387 2983 ejus
399 2914 540 2984 diligenter
552 2918 736 2983 perscrutatus
747 2918 788 2966 est
800 2915 891 2982 operis
903 2919 986 2983 gesta.
1000 2920 1028 2968 et
1044 2921 1189 2987 tamquam
1201 2920 1243 2975 leo
1254 2920 1362 2990 rugiens

174 3016 282 3082 rapiens
294 3030 418 3082 querens
436 3029 517 3082 quem
530 3014 650 3076 devoret,
665 3012 746 3065 auida
764 3012 906 3066 ferocitate
923 3019 1046 3067 sanctam
1059 3015 1137 3070 adse
1155 3018 1281 3087 virginem
1295 3013 1361 3072 deind
1371 3012 1395 3073 u'

171 3112 251 3179 jussit
263 3112 422 3165 exhibitam.
436 3110 530 3165 Atilia
541 3110 732 3163 anctoritatem
748 3110 790 3163 sui
802 3110 930 3174 retinens,
943 3111 1020 3165 omni
1031 3112 1138 3167 malitia
1150 3116 1222 3170 retiis
1232 3117 1280 3171 fide
1288 3115 1362 3169 amitt

173 3211 274 3264 Christi
294 3211 419 3280 pervenit
435 3211 464 3263 in
480 3210 654 3278 presentiam
675 3208 805 3277 praesidis.
826 3208 915 3277 Quam
937 3209 982 3263 ille
1003 3211 1114 3266 intuens
1131 3213 1194 3269 ait:
1217 3217 1269 3282 Quo
1289 3211 1362 3269 mne

173 3314 298 3364 stamine?
310 3310 360 3363 llla
371 3309 525 3378 respondit:
538 3311 596 3376 Epo
607 3311 712 3362 Christi
720 3326 812 3362 amore
822 3311 925 3376 instincta,
940 3312 1068 3364 Columba
1081 3330 1232 3382 nurwupor.
1245 3313 1362 3369 hutiliiiss

173 3408 258 3462 dixit:
271 3410 354 3462 Nobis
369 3411 440 3461 irune
450 3412 545 3476 prima
557 3410 744 3475 responsionis
755 3411 862 3461 editum
873 3411 983 3476 prebes,
995 3412 1067 3477 qnod
1077 3413 1153 3477 false
1164 3411 1361 3467 sustinetur

168 3511 252 3574 peris.
265 3509 364 3561 Sancta
381 3507 514 3561 Columba
532 3508 674 3575 respondit
692 3526 698 3558 :
715 3509 774 3574 Epo
791 3510 821 3559 in
839 3509 944 3560 sarcitum
962 3510 1048 3561 ulium
1067 3510 1156 3563 Deum
1172 3516 1273 3567 ersiere
1283 3510 1389 3581 posittll
1414 3544 1417 3573 ι

172 3610 227 3660 nisi
243 3610 272 3659 in
287 3610 363 3660 illum
375 3610 423 3674 qui
435 3624 483 3659 nos
495 3610 524 3659 in
536 3609 641 3673 oripine
652 3609 750 3658 mundi
767 3608 804 3659 nd
820 3623 899 3659 snam
917 3609 1017 3660 crearit
1032 3610 1180 3675 irnapinem
1196 3620 1220 3664 et
1235 3611 1362 3679 uniuersis!

171 3705 276 3757 Filium
287 3722 377 3770 snum,
389 3707 537 3759 Dominum
549 3713 681 3770 nostrum,
692 3721 743 3772 pro
753 3713 847 3758 nostru
856 3707 942 3758 sainte
951 3707 987 3757 ad
996 3713 1086 3760 terras
1094 3710 1238 3764 destinarit
1246 3710 1364 3764 risuum

171 3820 248 3870 quem
266 3806 315 3857 sub
331 3805 425 3858 Pontio
444 3806 532 3857 Pilato
549 3807 686 3857 credimus
700 3821 823 3871 passum,
841 3812 864 3857 et
882 3807 931 3872 qui
944 3812 1005 3872 post
1023 3810 1244 3861 resurrectionem
1259 3812 1366 3881 suasit

170 3905 312 3956 adrentum
329 3905 451 3970 Spiritus
463 3906 551 3957 saneti
568 3921 647 3956 suern
666 3905 822 3956 inlustravit
840 3905 982 3956 eeclesiam.
997 3905 1080 3969 Quem
1097 3908 1224 3972 confiteor
1238 3925 1287 3962 esse
1300 3910 1369 3959 retii

171 4003 257 4054 Deum
269 4010 330 4055 urite
341 4006 429 4056 secreta
442 4011 465 4056 et
482 4011 578 4056 nostre
589 4004 770 4055 hnrnnnitntis
778 4020 870 4055 seram
882 4006 912 4055 in
924 4005 1042 4056 seculum
1059 4007 1190 4072 recepisse
1206 3990 1402 4074 immunis*

170 4118 250 4153 nsunt.

210 4197 244 4254 2.
265 4198 421 4252 Aurilianns
433 4198 518 4251 dixit:
534 4200 686 4265 Copswsisti
700 4199 878 4251 institutionis
893 4205 990 4251 nostra
1006 4200 1110 4253 decreta
1127 4219 1160 4255 ac
1170 4204 1279 4256 deorum
1293 4199 1382 4255 marr

170 4314 231 4347 rum
243 4299 309 4362 lepis
322 4298 453 4360 instituta,
466 4314 522 4363 quea
535 4314 621 4362 isuper
633 4314 650 4348 α
667 4297 743 4348 nobis
761 4298 797 4348 ad
812 4298 882 4348 irene
900 4297 988 4349 urhem
1001 4299 1116 4363 fuerunt
1127 4302 1253 4353 ‹iecrrtsit
1264 4282 1387 4352 columbi

168 4395 308 4463 respoudit
321 4413 327 4446 :
341 4396 425 4460 Qree?
435 4394 594 4447 Aurilianns
606 4394 675 4447 dixit
688 4413 693 4446 :
712 4397 743 4448 Ut
756 4411 845 4448 emices
862 4398 970 4449 visurine
987 4397 1142 4463 christiani,
1154 4401 1246 4452 relicte
1257 4387 1392 4466 superflffl

169 4495 342 4557 institutione,
354 4509 394 4544 me
401 4494 533 4560 prudente
544 4494 668 4546 iturusne
681 4494 859 4546 institutionis
868 4495 1001 4562 princepe,
1012 4495 1061 4547 sub
1073 4496 1185 4549 deorum
1196 4513 1308 4551 mmm
1323 4479 1396 4546 ad*
1407 4470 1417 4519 ¹

169 4595 273 4646 ratione
284 4594 437 4644 consinem.
446 4591 531 4644 Beata
541 4590 674 4644 Columba
687 4592 842 4659 respondit:
856 4594 906 4644 Dii
914 4594 963 4659 qni
974 4601 1037 4646 erent
1049 4597 1201 4661 manusueti
1211 4613 1270 4649 eum
1278 4584 1403 4648 adora*

167 4693 239 4746 tibus
249 4709 276 4745 se
283 4699 405 4759 pereant,
418 4693 483 4759 quia
496 4693 696 4745 adiissentiones
705 4693 871 4746 derrronince
882 4709 937 4746 esse
949 4694 1083 4760 sidentur,
1092 4701 1116 4747 et
1125 4712 1172 4749 nee
1178 4712 1288 4763 pensum
1297 4666 1408 4747 truieelli
