3142 5392
176 278 249 352 350
513 299 639 352 aaran.
666 300 1074 356 conu.aaoronaare11c.

216 487 252 544 4.
276 489 378 543 Sensus
403 505 468 541 suos
486 489 694 558 diligentissime
714 490 896 546 custodiebat.
917 493 949 546 ln
971 492 1102 547 omnibus
1121 495 1193 549 enim
1214 511 1266 565 que
1280 498 1350 565 aptet
1409 520 1424 551 ·’.

175 586 361 656 praemittebat
374 585 475 638 mentis
487 585 671 640 elevationem
689 588 725 640 ad
736 587 837 651 Deum;
850 592 879 641 et
893 589 1042 643 ordinabat
1053 590 1148 645 omnia
1157 591 1192 644 ad
1207 591 1351 649 Deibonun
1415 619 1425 653 ς

174 690 323 756 antequam
343 685 483 754 inciperet,
495 685 567 739 sicut
582 690 611 740 et
628 686 685 756 ipse
703 687 813 742 dicebat
828 693 857 742 et
872 688 1040 743 hortabatur
1055 691 1092 744 ad
1108 691 1354 748 faciendumne*

175 786 264 839 sessor
276 785 401 838 centies¹
419 785 490 838 torte
508 785 553 839 vel
568 786 688 855 amplius
705 787 836 856 cognovit
852 793 911 842 tum
928 806 978 859 per
995 789 1182 858 inceptionem
1198 791 1308 845 horama
1318 798 1354 847 tu
1420 848 1425 852 ,

175 886 260 939 etiam
277 902 326 954 per
344 884 546 939 contessionem
564 890 592 939 et
609 903 657 954 per
673 886 800 956 quaedam
818 887 881 941 alia.
898 889 926 942 Si
943 889 1019 943 enim
1040 890 1164 944 dicerent
1178 890 1255 945 ambo
1267 891 1374 953 horasirt
1415 920 1421 937 .-

175 986 257 1038 horto
275 990 304 1038 et
319 986 403 1037 irater
420 989 483 1053 post
495 987 577 1038 Pater
593 993 684 1039 ceaster
701 986 834 1055 inciperet
850 990 926 1042 Deua
943 992 972 1042 in
991 992 1172 1057 adjutorium,
1183 989 1273 1044 silebat
1285 990 1358 1060 illcpa
1418 1022 1421 1027 ·

175 1084 293 1138 multum
317 1089 435 1152 tempus,
456 1084 484 1136 in
507 1100 563 1152 quo
587 1083 715 1138 elevabat
736 1090 859 1140 mentem
881 1088 916 1140 ad
939 1088 1038 1154 Deum,
1058 1093 1209 1158 antequam
1230 1090 1358 1158 responffl
1415 1122 1421 1143 .-

174 1186 291 1238 Domine
303 1187 340 1236 ad
351 1186 547 1250 adjuvandum.
560 1184 685 1250 Quadam
699 1185 782 1238 ctiam
795 1186 855 1240 viee
867 1203 930 1240 cum
943 1187 1064 1241 dedisset
1075 1189 1129 1242 sibi
1140 1189 1280 1256 quamdam
1291 1189 1357 1243 bom

173 1281 356 1350 disciplinam,
367 1280 447 1333 valde
460 1281 600 1334 accusavit
611 1297 641 1334 se
653 1282 805 1336 confessori
816 1299 867 1336 suo
879 1283 945 1351 quia
957 1283 985 1336 in
998 1287 1057 1337 tota
1067 1284 1118 1338 illa
1127 1284 1264 1355 disciplina
1270 1302 1298 1340 er
1304 1286 1358 1341 ninii

174 1381 232 1434 zelo
255 1381 369 1434 dederat
385 1396 472 1434 unum
490 1379 575 1433 ictum
592 1380 652 1434 sine
671 1381 883 1449 praeelevatione
900 1384 1002 1435 mentis
1019 1387 1048 1436 ct
1067 1384 1241 1439 ordinatione
1255 1386 1285 1439 ad
1297 1385 1359 1439 Dm

174 1480 331 1550 Aliquando
350 1481 434 1535 etiam
452 1481 510 1548 ejus
522 1479 663 1533 confessor
675 1479 742 1533 vidit
758 1481 841 1549 quod,
854 1498 917 1535 cum
935 1481 1086 1551 cogebatur
1097 1483 1224 1551 precibus
1239 1484 1359 1539 irabonal

173 1581 332 1634 faciendum
350 1579 453 1648 aliquid
474 1580 549 1648 quod
566 1579 619 1633 sibi
640 1596 696 1633 non
716 1580 862 1633 videbatur
881 1597 942 1634 esse
959 1580 1127 1645 iaciendum,
1147 1588 1179 1636 nt
1198 1584 1360 1638 comedenti

173 1681 286 1749 quando
303 1680 332 1734 in
351 1679 504 1743 forestaria,
522 1679 606 1732 etiam
624 1695 687 1732 cum
705 1684 778 1732 esset
798 1679 825 1732 in
842 1683 930 1748 porta,
948 1680 1077 1734 tardabat
1095 1681 1245 1751 ingressum
1260 1698 1379 1765 quon-qu·

173 1780 309 1834 elevasset
321 1796 368 1832 cor
379 1784 406 1833 et
419 1779 573 1832 ordinasset
583 1778 617 1831 ad
631 1779 728 1832 Deum.
740 1778 832 1847 [psum
842 1779 854 1812 ²
866 1778 991 1843 iaciebat,
1000 1780 1023 1831 si
1036 1781 1146 1835 audiret
1164 1781 1252 1851 aliqua
1261 1798 1307 1836 non
1315 1782 1359 1836 lon

173 1881 207 1933 de
220 1879 312 1949 aliquo
325 1879 360 1932 ab
372 1879 427 1932 alio
440 1894 522 1946 quem
536 1894 592 1931 non
605 1882 698 1946 posset
709 1878 810 1945 lugere,
823 1877 866 1930 vel
876 1882 948 1931 esset
960 1878 1028 1932 utile
1042 1881 1114 1934 scire
1124 1900 1131 1934 :
1143 1882 1253 1950 rogabat
1262 1881 1358 1936 silentiu
1423 1928 1425 1933 .

174 1978 262 2032 donec
279 1978 414 2032 elevasset
426 1994 474 2032 cor
489 1982 518 2031 et
535 1977 689 2031 ordinasset
706 1978 741 2031 ad
758 1979 856 2042 Deum,
873 1979 948 2046 quod
961 1979 1004 2033 vel
1021 1984 1052 2033 ut
1069 1995 1135 2035 eum
1148 1981 1294 2036 defenderet
1302 1980 1359 2033 reid

173 2092 237 2129 eum
256 2076 412 2143 corrigeret,
432 2075 455 2128 si
472 2073 583 2128 defendi
601 2091 657 2128 non
675 2079 775 2142 posset,
792 2075 852 2128 hece
869 2075 990 2139 audiret,
1008 2081 1037 2130 et
1054 2077 1084 2130 in
1101 2076 1199 2131 multis
1215 2078 1270 2131 aliis
1283 2083 1306 2131 ct
1316 2092 1358 2146 pat

173 2173 201 2227 in
211 2175 340 2227 omnibus
353 2175 412 2227 lraec
423 2174 559 2242 cognovit.
568 2174 656 2227 Aures
665 2173 719 2227 sibi
731 2173 911 2238 custodiebat,
919 2174 994 2242 quod
1003 2190 1060 2228 non
1068 2174 1122 2228 nisi
1135 2176 1209 2230 bona
1220 2176 1359 2231 verbaatlitt

173 2273 298 2336 volebat3
311 2273 398 2326 immo
411 2272 533 2326 dicentes
550 2273 683 2341 arguebat
697 2271 741 2325 vel
753 2272 876 2340 fugiebat
887 2291 893 2324 :
906 2273 979 2326 unde
990 2277 1018 2326 et
1029 2278 1144 2342 propter
1154 2274 1209 2329 lroc
1221 2276 1248 2329 in
1257 2275 1358 2329 forant

172 2373 332 2442 frequenter
351 2371 468 2440 legebat,
486 2372 529 2424 vel
553 2372 672 2425 iaciebat
692 2371 743 2439 legi
765 2372 830 2424 dum
856 2372 1029 2431 comedebat,
1046 2377 1074 2425 et
1098 2373 1184 2428 etiarn
1204 2380 1262 2443 post
1277 2379 1300 2428 et
1313 2378 1357 2427 arte.

172 2472 274 2527 Oculos
292 2477 396 2540 quanta
414 2471 598 2525 sollicitudine
616 2471 796 2534 custodiebat,
813 2470 880 2523 satis
897 2475 988 2539 potest
999 2473 1133 2540 perpendi
1146 2490 1181 2527 ex
1198 2470 1358 2541 hocnnoqvol

172 2572 243 2626 dixit
263 2573 383 2640 quadam
404 2571 472 2635 vice,
492 2587 555 2624 cum
575 2571 679 2624 iremus
699 2570 782 2623 ambo
801 2569 892 2623 simul.
916 2570 1075 2624 Invenimus
1096 2573 1172 2626 enim
1190 2575 1263 2639 J'urta
1281 2573 1356 2625 donn

172 2671 289 2723 fratrum
316 2671 466 2738 quamdam
487 2668 628 2722 dominam
655 2685 716 2737 quae
742 2668 859 2721 multum
884 2672 943 2721 erat
966 2668 1111 2724 familiaris
1133 2672 1245 2725 tratmrn
1264 2677 1288 2724 et
1307 2671 1357 2723 lete

171 2769 284 2831 factrix;
308 2774 522 2837 propterquam
545 2768 628 2820 etiam
653 2774 681 2820 ct
703 2768 760 2835 ipse
785 2767 888 2835 pluries
906 2784 969 2820 eam
988 2768 1015 2821 in
1036 2769 1149 2837 propria
1173 2771 1253 2824 domo
1271 2766 1356 2822 visitare

171 2870 214 2918 rat
231 2870 258 2919 et
276 2882 325 2934 ego
341 2882 434 2919 secum
453 2870 494 2919 ter
512 2865 555 2918 vel
573 2870 678 2933 quater,
696 2869 804 2917 etcum
822 2880 876 2932 qua
894 2864 996 2932 pluries
1011 2866 1047 2918 ad
1064 2872 1173 2933 portam
1191 2868 1288 2922 locutus
1299 2860 1382 2920 trenta

170 2965 301 3018 ecclcsiae.
325 2966 448 3033 Cumque
473 2964 613 3017 dominam
635 2963 793 3016 obviantem
819 2963 973 3025 salutasset,
996 2964 1143 3020 dicendo:
1167 2969 1239 3022 Deus
1258 2970 1294 3021 det
1312 2965 1357 3017 ccli!

171 3080 251 3116 suam
264 3081 367 3131 proceru,
381 3068 408 3115 et
429 3064 468 3115 sic
487 3061 638 3124 transisset,
650 3060 777 3128 (quaesivit
793 3077 810 3112 a
827 3076 872 3113 me
888 3060 911 3113 si
925 3060 972 3113 illa
990 3061 1105 3115 domina
1122 3068 1182 3117 erat
1200 3064 1263 3119 talis.
1276 3063 1315 3117 Cui
1326 3074 1356 3126 cp

171 3161 228 3214 dixi
249 3181 255 3214 τ
277 3163 336 3214 Nou
361 3164 497 3227 ccptroscis
518 3164 597 3213 curri?
617 3189 649 3197 —
670 3161 738 3224 Non,
756 3158 851 3227 inquil,
869 3161 935 3226 quio
958 3177 1102 3227 atccirqnum
1122 3165 1182 3215 cidi
1198 3180 1252 3215 eom
1271 3165 1295 3213 ia
1308 3158 1358 3225 sadr-

171 3261 205 3313 Et
222 3278 291 3329 ego:
306 3263 440 3326 Qccornodo
460 3277 521 3326 erpo
539 3262 685 3326 reputavisti
701 3262 824 3312 eame*
842 3259 877 3310 Iu
891 3261 1013 3319 cestibus,
1031 3260 1130 3328 inquit,
1148 3264 1300 3315 irrorantibus
1311 3257 1358 3311 ccciv

170 3378 225 3414 srccc
242 3363 363 3426 capacitas
374 3377 435 3412 sum
452 3376 510 3411 cuin
528 3376 590 3412 csse.
602 3360 692 3423 Forte,
705 3358 801 3426 inquit,
818 3361 953 3410 tresorum·
963 3367 1028 3412 sceret
1046 3363 1120 3426 quod
1131 3379 1184 3414 nou
1196 3364 1251 3415 ridi
1260 3354 1396 3412 anticam

171 3463 200 3512 ia
216 3461 295 3524 facie,
313 3461 393 3511 etium
410 3466 522 3510 acutrcru
540 3475 634 3521 circam,
652 3459 760 3524 quaudo
778 3459 816 3509 iri
833 3459 869 3509 ad
886 3474 953 3509 cccc.
970 3456 1039 3509 ilum
1054 3463 1148 3512 tamen
1160 3467 1248 3514 mater
1261 3476 1304 3512 sua
1315 3456 1360 3511 aet

169 3562 265 3610 sancta
277 3557 376 3610 mulier
387 3560 414 3609 et
426 3571 517 3608 senex.
535 3555 612 3607 Tunc
625 3571 675 3623 ego
687 3554 803 3607 miratus
815 3553 903 3613 valde,
921 3559 980 3607 tum
998 3555 1063 3623 quia
1078 3555 1182 3624 pluries
1199 3558 1309 3611 videram
1321 3566 1361 3606 eru

169 3654 331 3723 loquentem
351 3670 413 3706 curn
435 3652 530 3706 inultis
550 3657 577 3705 et
598 3651 700 3720 pluries
720 3652 915 3720 praedicantem
936 3652 989 3714 cis,
1010 3657 1069 3706 tum
1090 3655 1176 3708 etiarn
1197 3657 1259 3724 quia
1276 3652 1363 3707 sciebam

168 3771 233 3807 eum
252 3754 322 3806 adeo
340 3754 369 3806 in
386 3753 433 3806 illo
452 3751 573 3821 periculo
591 3768 718 3805 securum
737 3751 811 3819 quod
829 3752 984 3804 concredo
1003 3751 1125 3820 aliquem
1144 3754 1173 3807 in
1191 3755 1291 3809 mundo
1306 3752 1339 3805 vir
1350 3745 1366 3800 ci

168 3853 288 3905 similem
310 3868 360 3904 suo
381 3857 505 3919 tempore
526 3850 623 3913 fuisse
645 3854 703 3902 tum
723 3848 796 3916 quia,
817 3854 847 3902 ut
867 3848 971 3901 dictum
992 3854 1041 3911 est,
1058 3867 1143 3919 supra
1162 3853 1330 3906 confirmatus
1343 3844 1397 3900 eslii

169 3955 200 4002 ut
225 3967 275 4003 nec
296 3949 367 4002 ultra
388 3951 479 4018 potuit
502 3965 615 4018 peccare
637 3947 815 4010 mortaliter;
839 3951 897 4000 turn
922 3949 995 4016 quia,
1018 3948 1089 4002 sicut
1113 3949 1172 4019 ipse
1196 3952 1300 4006 dixerat
1320 3944 1374 4003 miii

168 4050 268 4102 stando
284 4066 346 4101 curn
363 4047 524 4100 mulieribus
540 4047 640 4099 castior
655 4046 833 4099 efficiebatur.
849 4046 926 4098 rideo
939 4046 1154 4102 abominabatur
1169 4066 1227 4113 eas,
1243 4050 1313 4121 quod
1322 4045 1377 4104 nult
1423 4114 1425 4123 Ι

168 4149 252 4201 modo
272 4152 379 4214 poterat
397 4164 460 4200 curu
480 4147 519 4199 eis
537 4147 584 4199 diu
596 4151 681 4207 stare;
701 4146 786 4198 immo
798 4145 947 4213 aliquando
966 4162 999 4198 ex
1013 4146 1099 4200 nimia
1110 4149 1326 4211 abominatione,
1336 4162 1380 4203 cru

168 4247 351 4299 consulebant
371 4262 442 4308 eum,
463 4245 666 4314 praecipitantcr
683 4245 695 4278 ³
715 4244 862 4297 recedebat
879 4243 914 4296 ab
935 4245 983 4306 cis,
1003 4244 1101 4298 dolens
1122 4247 1246 4304 multum
1267 4252 1329 4320 quia
1345 4262 1387 4303 non

168 4349 276 4411 poterat
296 4345 440 4407 sustinere,
463 4362 497 4397 co
518 4344 591 4412 quod
615 4343 760 4412 oportebat
782 4359 846 4395 eum
870 4359 919 4411 pro
940 4343 1045 4397 eisdem
1066 4345 1161 4399 verbis
1181 4347 1287 4405 iterum
1306 4351 1340 4404 ad
1356 4348 1422 4403 eatt

168 4444 264 4507 redire,
285 4444 355 4497 sicut
375 4449 402 4497 ct
423 4461 472 4512 ego
494 4444 580 4497 oculis
602 4443 672 4496 meis
699 4443 763 4497 vicli.
784 4442 838 4495 lice
864 4442 974 4507 mirum,
995 4459 1057 4497 cum
1085 4445 1172 4501 etiam
1202 4449 1324 4506 foratam
1348 4468 1396 4521 pro

202 4656 212 4689 ¹
224 4658 279 4710 cod.
291 4657 422 4711 sentiens.
435 4689 464 4696 -—
478 4657 489 4690 ‘²
501 4659 558 4711 cod.
571 4657 636 4727 ipsc.
646 4688 677 4694 —
687 4657 698 4691 ³
709 4660 766 4712 cod.
778 4656 945 4727 praecingens
961 4673 1065 4711 earum.
