3142 5392
240 320 330 370 eren.
357 318 436 370 nro.
463 318 635 370 esurum..
662 339 708 347 —
735 317 814 369 coo.
841 315 878 369 u⁰
904 317 1029 370 ssu-rs.
1180 296 1252 369 389

275 507 354 572 Haec
368 507 502 570 viduata
516 507 584 571 viro
599 507 705 589 nupsit
725 506 905 571 (castissima
919 504 1058 571 Christo.

278 605 354 669 Veto
368 606 495 669 velatur
509 604 657 668 monialis
672 602 884 668 sanctificetur.

273 705 386 767 Annos
400 707 451 767 ter
465 703 609 785 quinque
624 703 706 766 mira
721 722 848 766 morum
862 701 1026 784 probitate

273 802 326 866 Sic
340 802 436 883 degit,
452 802 571 866 sanctis
586 802 645 864 sibi
662 801 836 882 virginibus
851 800 989 864 sociatis.

272 901 365 965 Nune
381 905 413 965 et
427 901 460 964 in
475 901 601 964 excelso
616 900 735 981 gaudet
751 900 924 981 conjuncta
937 898 1064 974 marite,

273 999 334 1077 Qui
350 1000 445 1064 simul
462 999 493 1063 in
508 999 631 1062 mundo
647 999 798 1062 vixerunt
813 1017 948 1079 corpore
963 998 1095 1062 mundo.

275 1099 426 1162 Continet
440 1098 574 1162 ecclesio
590 1098 750 1177 Bamberg
764 1097 834 1160 haec
849 1116 924 1160 osso
939 1097 1045 1173 beata,

275 1197 338 1261 Per
352 1217 427 1279 quae
442 1198 618 1261 clementer
633 1198 716 1260 fiunt
730 1196 879 1260 mirande
894 1197 1088 1277 frequenter.

159 1294 297 1360 Occurrit
319 1300 429 1359 autem
451 1295 568 1359 natalis
589 1295 692 1359 saneti
714 1294 844 1358 Henrici
867 1306 911 1356 111⁰
932 1294 1008 1358 ldus
1022 1293 1105 1370 lulii,
1120 1295 1153 1358 in
1172 1296 1256 1359 festo

195 1393 312 1458 scilicet
334 1397 456 1457 sanctos
478 1393 668 1474 Margaretae
690 1392 829 1474 virginis.
843 1392 935 1456 Tune
949 1392 1036 1456 enim
1053 1392 1121 1475 ipsc
1137 1393 1180 1456 ab
1195 1393 1257 1457 hoc

196 1492 302 1555 seculo
318 1492 475 1572 migruvit.
497 1490 562 1555 Sed
578 1491 610 1554 in
632 1491 693 1554 hoc
709 1490 853 1553 defertur
875 1490 958 1553 festo
972 1489 1163 1571 Margaretae
1184 1494 1257 1554 tan-

196 1610 293 1671 quam
319 1590 536 1671 antiquorum
562 1593 592 1653 et
617 1589 668 1652 die
690 1588 839 1669 sequenti
862 1589 1054 1652 observatur
1076 1589 1108 1652 in
1130 1588 1258 1653 Basilea

197 1689 351 1752 festivitas
374 1688 477 1752 sancti
491 1687 623 1752 llenrici
638 1707 713 1751 curu
727 1687 963 1750 solemnissima
984 1687 1200 1768 processione.
1221 1687 1258 1751 ln

196 1785 321 1849 civitate
333 1788 444 1848 autem
456 1784 690 1864 Bamburgensi
703 1783 794 1865 eujus
806 1784 941 1846 ecelesia
951 1784 1146 1848 cathedralis
1158 1787 1258 1866 atque

196 1883 292 1947 totius
315 1883 451 1947 diocesis
474 1886 605 1946 sanctus
627 1880 787 1945 Henricus
802 1884 959 1962 patronus
974 1882 1091 1960 existit,
1111 1883 1257 1965 ejusdem

197 1982 352 2045 festivitas
375 1981 495 2044 mensis
509 1981 647 2062 Augusti
668 1980 720 2043 die
742 1979 856 2043 ultimo
879 1979 1085 2045 celeberrime
1099 1981 1258 2045 recolitur.

196 2080 328 2144 l‘eslum
343 2082 454 2143 autem
469 2083 589 2143 sanctae
604 2078 812 2159 Koneguudis
836 2078 867 2141 in
882 2078 1022 2142 crastino
1045 2083 1168 2145 octavae
1183 2100 1259 2145 san-

197 2179 237 2242 cti
263 2178 404 2253 Heurici,
432 2178 539 2241 idest
566 2189 611 2240 ur*
636 2176 688 2240 die
714 2175 924 2257 Septembris
950 2176 1070 2241 ibidem
1096 2179 1260 2260 peragitur

196 2277 339 2340 celebris.
354 2277 446 2340 Tune
458 2277 544 2340 enirn
559 2277 675 2340 eodem
687 2276 776 2356 virgo
789 2275 831 2338 ab
843 2275 986 2339 Ecclesia
996 2276 1148 2341 Romana
1160 2297 1259 2343 eano-

197 2376 302 2440 nizata
318 2380 377 2440 est.

149 2467 259 2556 Hujus
275 2474 439 2556 temporis,
455 2473 599 2537 videlicet
616 2473 719 2537 suncti
738 2471 878 2548 llenriei,
894 2473 969 2536 tuna
992 2494 1147 2539 conversa
1162 2476 1260 2540 estin

195 2573 394 2654 sanguinem,
417 2577 449 2636 et
471 2592 557 2635 anno
579 2586 614 2634 11⁰
636 2572 782 2654 ejusdem
805 2571 1001 2647 Gherardus
1016 2573 1259 2639 Cameracensis

196 2672 367 2752 episcopus
383 2676 416 2735 et
436 2670 660 2745 AdelbunduS,
683 2670 927 2752 Ultrujectensis
949 2671 1129 2754 episcopus
1152 2674 1260 2755 magni

195 2771 227 2833 in
243 2770 380 2834 ecclesie
392 2769 469 2833 etin
484 2769 605 2851 palatio
619 2768 790 2833 habentur.
806 2768 902 2833 Anno
918 2789 994 2833 vero
1007 2770 1101 2835 tertio
1116 2775 1259 2836 cometes

195 2868 339 2932 horribili
361 2868 466 2949 spatio
492 2868 641 2931 flammas
666 2867 730 2930 huc
755 2866 895 2949 illucque
916 2867 1045 2949 jactans
1071 2870 1103 2933 in
1124 2871 1258 2935 australi

194 2971 287 3048 perte
309 2966 397 3029 visus
412 2970 472 3030 est.
486 2966 583 3028 Anno
600 2970 716 3046 quarto
739 2967 840 3029 fumes
856 2971 888 3030 et
908 2966 1087 3031 mortalitas
1103 2973 1170 3032 tem
1185 2988 1259 3050 gra·

195 3064 276 3126 viter
289 3082 348 3144 per
362 3067 468 3125 totum
484 3080 567 3143 pene
583 3062 696 3124 orbem
710 3061 854 3136 invaluit,
866 3066 902 3124 ut
921 3064 1146 3145 sepelientium
1159 3064 1258 3129 taedio

193 3161 256 3224 vivi
280 3161 388 3225 adhuc
413 3161 561 3242 spiritum
583 3160 748 3224 trahentes
774 3161 990 3225 obruerentur
1011 3182 1086 3226 eum
1111 3164 1259 3228 mortuis,

193 3261 290 3324 Anno
302 3272 357 3322 v11⁰
369 3259 495 3341 eclipsis
507 3259 583 3322 solis
597 3259 682 3322 factu
694 3264 743 3322 est
755 3259 835 3323 horo
847 3259 909 3322 diei
922 3261 1075 3335 secunda.
1086 3263 1182 3326 Anno
1193 3276 1260 3326 rur>

193 3363 307 3440 gentes
327 3358 566 3439 Hungoriorum
589 3358 631 3421 ad
647 3358 746 3421 fidem
765 3361 1005 3422 convertuntur.
1029 3360 1124 3423 Anno
1139 3380 1199 3424 suo
1214 3374 1259 3424 1x⁰

195 3460 226 3522 in
238 3458 447 3538 Lothoriugia
458 3458 475 3496 *
483 3458 577 3537 juxta
588 3461 733 3520 montem
745 3457 959 3521 Castrilocum
975 3458 1149 3523 fonticulus
1163 3481 1259 3542 aquae

193 3558 303 3621 multis
315 3556 547 3619 saluberrimus
560 3556 590 3618 in
603 3556 793 3637 sanguinem
809 3576 984 3620 conversus
999 3562 1049 3621 est
1061 3579 1069 3620 :
1080 3557 1169 3639 quod
1183 3578 1259 3641 pro·

193 3655 281 3720 bavit
305 3655 420 3718 mulier
442 3675 516 3736 quae
533 3655 648 3718 faeiem
662 3675 756 3718 suam
772 3676 811 3718 er
827 3655 923 3736 hujus
941 3656 1036 3718 feritis
1051 3676 1138 3737 equa
1158 3656 1258 3721 lotam
1285 3648 1292 3673 ‘

194 3754 303 3818 multis
318 3753 461 3817 ostendit
476 3753 767 3834 sanguinolentam.
788 3756 884 3816 Anno
901 3754 1048 3835 ejusdem
1069 3768 1104 3817 x⁰
1120 3754 1258 3820 Benedi-

194 3859 265 3917 ctus
287 3852 357 3915 Vlll
378 3853 537 3916 Romunoe
555 3851 705 3915 Ecclesiae
721 3864 881 3915 cremum¹⁵
896 3853 1042 3934 pontifex
1065 3857 1202 3919 creetur.

147 3972 193 4042 tl⁰
216 3969 347 4043 Passio
364 3969 517 4042 Eulaliae
534 3968 687 4061 virginis
705 3970 782 4060 (fol.
806 3971 1019 4063 rest-ter).

147 4109 245 4161 supra,
258 4109 283 4160 p.
295 4091 414 4144 eol-eos.
426 4120 459 4127 —
470 4089 613 4143 Lectiones
625 4090 762 4143 variantes
773 4090 875 4143 multae.

147 4195 193 4265 tlt)
216 4192 303 4264 Vita
319 4193 437 4264 beatae
454 4191 669 4283 Margaretae
686 4192 730 4263 de
749 4190 856 4282 Ypris
874 4192 951 4283 (fol.
974 4192 1187 4285 ter-eod).

147 4321 211 4375 edita
227 4321 301 4390 apud
316 4320 508 4388 Choquetium‚
521 4321 613 4373 Sancti
624 4320 713 4385 Belqr't
730 4320 843 4373 Ordinis
855 4321 1074 4384 medicatorum,
1086 4337 1111 4389 p.
1125 4321 1242 4376 tet-eur.

147 4422 193 4493 t3⁰
218 4419 305 4492 Vita
324 4419 427 4492 beati
453 4418 695 4508 Willebrordi,
723 4418 968 4511 TraJecteusis
994 4418 1155 4513 episcopi
1179 4422 1257 4513 (fol.

181 4535 396 4626 soor-eos).

147 4662 213 4710 octa
224 4671 258 4708 ex
267 4656 330 4709 Vita
345 4655 417 4709 edita
427 4656 499 4723 apud
510 4655 607 4725 bigne,
619 4656 648 4710 P.
659 4656 697 4720 L.,
713 4661 778 4710 tom.
791 4656 833 4715 Cl.
845 4674 869 4724 p.
879 4656 928 4708 693
939 4673 998 4724 sqq.
