3248 5392
319 317 409 370 aran.
437 317 517 372 nna.
544 320 714 373 snuxnnn.
743 343 789 353 —
815 321 963 373 arnano.
991 322 1037 373 an
1063 323 1142 374 coo.
1170 315 1208 373 ΝΟ
1234 322 1326 374 sor-a.
1371 301 1438 373 165

204 504 308 561 Statim
317 506 451 562 illustrata
459 508 563 579 fulgore
572 510 658 565 sancti
667 511 792 581 Spiritus,
805 511 890 566 oblita
899 517 941 566 est
950 512 1120 566 nobilitatem
1139 512 1305 581 superfluam
1317 515 1440 581 corporis

205 604 259 667 sui,
268 609 412 676 totamque
424 607 604 664 intentionem
613 610 712 664 animae
723 611 766 665 vel
778 611 944 665 desiderium
955 628 1036 665 suum
1047 612 1081 664 ad
1094 612 1213 681 palmam
1227 627 1352 681 superma
1360 627 1440 664 voca·

200 703 293 758 'tionis
308 707 466 771 extendens,
484 713 513 762 ut
531 709 716 763 nescientibus
733 710 892 779 parentibus
904 711 947 764 vet
965 710 1069 765 familia
1088 711 1248 765 festinanter
1264 716 1388 780 pergeret
1406 710 1440 762 ad

204 802 326 859 domum
335 805 382 859 ubi
390 805 440 860 Dei
451 808 621 862 consessores
633 809 732 862 retrusi
749 809 949 863 detinebantur.
962 810 1089 878 Dansqne
1103 810 1245 879 praemiunr
1258 809 1440 869 claviculario.

168 901 373 972 &deprecatur
389 909 420 958 ut
438 921 498 959 eam
516 906 618 961 sineret
636 907 686 962 Dei
703 907 908 961 consessoribus
928 908 1033 962 sociari.
1051 908 1127 962 Tunc
1140 908 1329 963 clavicularius
1347 908 1441 962 videns

207 1001 441 1070 pulchritudinem
452 1004 495 1059 vel
504 1005 622 1060 formam
632 1006 754 1061 delicatas
763 1006 882 1076 virginis,
894 1006 963 1060 dixit
974 1007 1010 1060 ad
1019 1023 1097 1061 eanr:
1112 1010 1184 1074 Quid
1198 1010 1311 1075 pateris,
1323 1009 1441 1066 donnino,

207 1108 292 1155 tastu
308 1104 458 1158 minuma
486 1109 570 1173 oripo,
593 1109 623 1158 in
647 1123 702 1175 qua
723 1114 778 1160 tota
798 1108 894 1160 domus
912 1115 1031 1174 paterna
1054 1108 1188 1175 dependet,
1211 1109 1259 1174 qui
1286 1115 1311 1160 te
1334 1111 1440 1161 terricum

207 1201 296 1267 fidiam
313 1203 367 1256 sibi
381 1204 478 1257 babere
492 1207 696 1273 aratuianturt
708 1207 781 1271 Quid
797 1207 938 1258 desideras
960 1208 1114 1260 nominibus
1131 1214 1155 1260 te
1172 1214 1255 1259 morte
1276 1208 1442 1262 damnandis

208 1303 339 1355 sociare?
351 1302 409 1355 Cur
428 1305 562 1370 confiteris
573 1312 597 1358 te
611 1305 750 1358 Christum
770 1306 885 1369 credere,
897 1322 949 1373 pro
961 1322 1013 1373 quo
1031 1307 1074 1358 itti
1087 1307 1238 1358 dantnandi
1254 1310 1342 1360 stent?
1353 1308 1443 1372 erare

161 1403 191 1455 to
207 1401 326 1465 festinas
332 1402 427 1466 liorem
437 1405 522 1456 motis
533 1406 713 1458 exterminare
724 1412 778 1457 tam
792 1407 844 1457 cito
854 1409 868 1457 t
879 1403 929 1457 Cui
947 1404 1028 1458 beata
1040 1404 1195 1457 Theodosia
1207 1404 1348 1473 respondit
1360 1424 1366 1458 :
1380 1407 1443 1460 Nati

210 1498 259 1552 icoc
267 1501 408 1564 emicuere,
421 1518 466 1555 nec
474 1503 585 1555 mireris
593 1505 716 1570 corporis
727 1504 895 1569 elepantiam,
903 1519 960 1571 quse
971 1511 1019 1556 aret
1031 1504 1189 1568 infirmitate
1199 1506 1385 1572 corrumpitur
1394 1513 1442 1557 ant

210 1605 340 1651 neumate
357 1601 476 1664 nitescit,·
486 1603 534 1654 sed
547 1603 639 1669 potius
650 1603 754 1655 intende
767 1604 833 1670 quia
846 1604 943 1655 animae
948 1602 1126 1670 pulchritudo
1140 1604 1202 1655 inde
1216 1604 1246 1654 in
1259 1605 1354 1657 rnelitrs
1365 1621 1442 1657 reno·

212 1703 292 1749 eatur
303 1701 373 1751 urrde
383 1702 453 1753 cutis
464 1703 590 1766 misrior,
599 1717 656 1769 qua
665 1702 772 1754 videtur
780 1703 931 1768 splendida,
940 1703 1095 1754 eomeritur.
1115 1702 1176 1755 Nou
1189 1705 1260 1754 enim
1269 1703 1359 1768 ditipit
1371 1704 1443 1757 Deus

211 1797 323 1862 speciem
332 1799 461 1864 corperis,
469 1799 516 1851 sed
522 1800 756 1866 pulchritudinem
767 1801 869 1852 emittis.
882 1801 940 1866 Epo
952 1802 1023 1852 enim
1034 1801 1068 1852 ab
1082 1802 1203 1864 infantia
1214 1801 1366 1853 christiana
1383 1817 1442 1853 snrn

166 1900 197 1952 ts
212 1896 357 1959 nutritum
369 1913 452 1965 usque
463 1899 494 1949 in
509 1898 589 1962 finem
602 1899 740 1951 Cirriatum
749 1900 884 1964 confiteor.
894 1898 957 1951 Etsi
974 1899 1043 1950 initii
1049 1916 1104 1967 pro
1122 1900 1169 1952 itio
1186 1901 1257 1953 mori
1273 1901 1416 1964 coritinpct,
1425 1917 1442 1952 a

212 1994 311 2047 salutis
321 1996 548 2060 confessionenon
557 1999 656 2050 recedo.
668 1996 733 2051 Haec
742 2013 775 2050 ea
792 1996 899 2051 dicente
912 2001 940 2050 et
950 1997 1127 2051 christianam
1138 2014 1167 2050 se
1179 2013 1239 2050 esse
1256 1997 1443 2057 confirmante,

213 2091 313 2147 umens
324 2092 515 2149 clavicularius
532 2096 691 2171 delatorem,
699 2096 824 2166 permisit
840 2113 902 2150 earn
912 2096 1012 2150 sanctis
1024 2097 1190 2166 martyribus
1201 2096 1308 2151 sociari.
1319 2096 1443 2165 Cumque

213 2191 334 2262 ingressa
343 2192 480 2248 tuissetad
488 2199 605 2259 sanctim,
613 2195 692 2250 vultu
700 2195 808 2265 placido
818 2196 957 2250 Christum
966 2195 994 2249 in
1002 2196 1248 2266 pectoregestabat
1258 2196 1334 2262 cuins
1344 2196 1443 2251 virtute

211 2307 260 2359 per
272 2291 408 2346 visionem
426 2293 603 2348 corroborata
615 2294 779 2349 desiderium
798 2294 893 2350 salutis
915 2300 1085 2364 conceperat.
1096 2295 1196 2349 Videns
1213 2311 1277 2362 ergo
1290 2311 1346 2358 eos,
1359 2295 1443 2349 ailad

169 2398 196 2451 to
212 2389 275 2444 illos
286 2410 292 2443 :
304 2392 439 2460 Suscipite
447 2394 579 2447 vobiscum
587 2397 706 2448 comitem
714 2397 762 2448 ais
772 2396 877 2448 saliuis.
887 2396 969 2448 Orate
972 2412 1026 2462 pro
1036 2413 1076 2447 me
1089 2396 1126 2447 ad
1137 2396 1292 2460 Dominum,
1297 2402 1328 2447 ut
1339 2411 1444 2447 merear

212 2491 349 2545 nobiseum
357 2494 511 2559 apouieare,
522 2500 679 2563 certansque
690 2501 823 2547 certantem
832 2496 897 2560 fidet
903 2495 983 2560 fidem
992 2511 1100 2548 servare
1111 2502 1135 2547 et
1143 2511 1254 2548 cursum
1266 2511 1372 2547 merear
1383 2511 1443 2547 cort·

210 2605 351 2643 summare
361 2597 385 2643 et
395 2593 541 2658 repositam
546 2592 663 2658 justitia
674 2608 800 2645 eoronam
808 2594 955 2660 percipere.
973 2590 1122 2646 Orantibus
1136 2607 1200 2645 vero
1213 2591 1322 2655 sanctis,
1334 2591 1443 2645 beatam

211 2687 400 2743 Tbeodosiam
409 2689 528 2744 Domino
537 2690 807 2744 commendaverunt.
817 2689 942 2759 Cumque
951 2690 1034 2744 tinem
1041 2689 1172 2744 orationis
1180 2689 1331 2759 implerent,
1340 2689 1446 2744 refulsit

211 2786 292 2841 locus
302 2787 420 2843 carceris
431 2787 537 2858 fulgore
549 2788 733 2853 inenarrabili,
745 2795 773 2843 et
784 2789 854 2843 odor
864 2789 1008 2843 suavitatis
1020 2789 1149 2843 omnibus
1161 2788 1294 2859 apparuit.
1306 2790 1339 2843 Et
1351 2789 1445 2843 audita

161 2897 192 2947 15
208 2889 318 2938 &tvos
331 2884 426 2939 dicens
437 2885 493 2962 eis:
505 2887 627 2954 Proque
639 2889 747 2951 aramis,
760 2888 883 2939 scanditi
890 2888 961 2940 estis
971 2887 1028 2953 Epo
1038 2888 1109 2939 enim
1121 2903 1182 2940 sum
1193 2889 1242 2954 qui
1253 2903 1321 2949 sum,
1331 2888 1379 2954 qui
1387 2903 1446 2940 eam

209 2988 312 3049 moaci,
329 2987 409 3052 eujus
420 2994 531 3040 menum
545 2989 575 3040 in
588 3004 644 3041 meo
655 3003 747 3040 canore
758 2989 892 3040 simeram
904 2988 1003 3039 inveni.
1015 2987 1073 3052 Epo
1085 3003 1144 3039 eam
1152 2988 1208 3040 oieo
1216 2988 1311 3041 latitia
1316 3004 1447 3054 pmurtpo,

209 3103 321 3154 rumque
333 3086 440 3154 Spiritu
456 3089 584 3153 confimo
604 3089 641 3141 ad
657 3089 802 3142 vincendas
821 3104 910 3141 omnes
926 3089 1104 3140 cruciationes
1121 3104 1190 3155 quos
1208 3089 1233 3140 ei
1249 3089 1354 3153 inferre
1370 3088 1447 3140 tabet

210 3188 344 3240 inimicus
350 3203 403 3254 per
412 3203 477 3240 suos
487 3189 635 3240 ruinistros.
653 3187 705 3240 Vos
720 3194 809 3239 autem
827 3188 885 3239 sine
896 3188 1037 3240 tormentis
1044 3203 1191 3254 partarum
1198 3204 1251 3254 per
1270 3189 1448 3253 emefessionis

204 3287 334 3355 patmum
345 3288 492 3355 suscipiam
503 3288 532 3338 in
542 3302 624 3353 repro
634 3287 769 3339 caetorum.

161 3391 192 3444 ιο
254 3380 290 3439 3.
314 3381 443 3437 Parentes
452 3399 518 3437 vero
529 3382 617 3436 beatae
626 3381 788 3436 Theodosia
797 3381 881 3436 nimio
892 3381 972 3436 toedio
981 3381 1144 3450 consumpti,
1150 3382 1308 3436 nesciebant
1315 3382 1361 3435 ubi
1372 3382 1447 3450 virgo

210 3480 377 3535 devenisset.
393 3479 517 3549 Cumque
535 3479 574 3534 eis
594 3480 752 3534 nuntiatum
776 3479 879 3542 fuisset,
899 3478 1032 3532 dicendo:
1054 3479 1202 3532 Theodosia
1220 3480 1281 3544 fitia
1309 3487 1397 3532 uestra
1419 3482 1448 3530 in

214 3581 322 3634 Christi
326 3582 489 3646 confusione
497 3582 630 3645 aponiect,
642 3584 755 3647 pergunt
769 3577 859 3632 festini
869 3578 903 3630 ad
922 3593 1069 3641 carcerem,
1082 3576 1256 3629 lacrimantes
1270 3581 1297 3629 et
1314 3577 1447 3643 ejulantes

212 3695 265 3747 pro
275 3677 355 3732 unica
372 3677 526 3746 liliaquam
544 3677 692 3731 credebant
709 3677 845 3730 bonorum
863 3692 975 3730 suorum
996 3675 1169 3744 superstitem
1182 3674 1311 3728 futuram.
1330 3673 1447 3727 t'olven·

212 3777 471 3846 tesquesepedibus
488 3777 555 3845 ejus,
565 3776 781 3845 deprecabantur
793 3791 828 3828 ne
837 3774 991 3844 genitorum
1009 3790 1123 3827 suorum
1136 3789 1259 3826 amorem
1272 3772 1445 3842 relinqueret.

161 3888 195 3938 35
212 3877 264 3930 sed
281 3880 388 3930 tanturn
405 3892 422 3928 a
439 3875 573 3930 desiderio
590 3874 770 3929 confessionis
789 3874 935 3939 recederet,
953 3873 1123 3926 affirmantes
1147 3872 1242 3926 omnia
1260 3871 1334 3925 bona
1351 3887 1447 3924 suase

213 3975 374 4045 imperatori
386 3974 498 4030 daturos
515 3979 545 4029 ut
564 3974 611 4028 illa
628 3973 696 4030 nihil
713 3977 852 4043 pateretur
865 3972 938 4039 mali,
951 3972 999 4026 sed
1018 3971 1169 4025 secundum
1181 3987 1259 4024 suam
1270 3971 1447 4025 devotionem

213 4074 365 4130 christiana
380 4080 568 4144 pennaneret:
580 4078 687 4129 tantum
710 4089 745 4127 ne
762 4073 846 4127 tatem
865 4072 990 4126 sobolem
1014 4071 1171 4126 viderentur
1190 4069 1324 4124 amittere.
1343 4069 1448 4138 Quibus

214 4175 298 4229 beata
307 4173 464 4228 Theodosia
478 4173 633 4243 respondit:
650 4175 682 4228 Ut
697 4175 779 4238 uideo,
796 4173 952 4227 declinastis
960 4177 1021 4239 post
1034 4171 1146 4236 Scibam
1157 4172 1228 4224 sicut
1245 4171 1377 4238 scriptum
1394 4177 1449 4222 est:

215 4275 379 4329 Drieserunt
394 4275 514 4328 Mmiues
530 4276 617 4341 mapis
632 4274 754 4326 tenemus
776 4289 858 4340 quam
882 4273 974 4324 lucem.
997 4271 1049 4323 Vos
1067 4271 1199 4323 videritis.
1223 4269 1366 4336 Inteitipite
1386 4284 1448 4336 erpo

167 4377 199 4431 ld
216 4375 391 4443 qtmdietura
409 4390 470 4426 sum
485 4373 558 4427 nobis
574 4379 598 4425 et
609 4373 714 4426 credite.
731 4372 868 4425 Venturus
878 4372 950 4425 enim
967 4371 1019 4422 erit
1031 4370 1165 4423 Dominus
1180 4370 1211 4421 iu
1222 4368 1371 4434 judicium,
1382 4369 1448 4435 quia

218 4476 268 4541 qni
295 4475 324 4526 in
344 4475 438 4542 primo
462 4473 576 4526 adventu
593 4471 603 4505 ¹
622 4473 677 4537 fuit
694 4473 819 4537 occultus,
838 4473 868 4522 in
883 4470 998 4524 seertrnto
1016 4470 1068 4522 erit
1093 4468 1263 4535 manifestus.
1288 4466 1363 4520 Tune
1382 4468 1448 4519 reci·

255 4685 263 4718 ¹
276 4686 331 4740 eod.
344 4684 485 4740 adventu«.
