3142 5392
168 295 244 369 474
503 316 628 368 aaran.
655 316 759 369 cono.
784 316 1061 370 nuoroannemc.

201 503 284 572 Cujus
296 503 473 559 blandissima
484 506 569 559 rerba
580 505 618 560 ita
629 505 786 559 mulcebant
797 505 888 574 regis¹
900 504 1012 569 viscera,

168 604 199 655 ut
210 603 283 656 unde
294 609 464 677 processerat
475 621 534 659 sors
545 604 650 668 mortis,
660 604 721 657 inde
731 620 795 657 mox
804 607 926 657 curreret
935 619 988 657 vox
999 602 1104 658 salutis.

201 699 303 754 Praeter
314 701 434 771 istaquae
447 702 501 757 diri
511 703 619 772 aliaque
628 703 839 772 quamplurima,

168 797 208 850 ita
216 814 246 851 se
258 798 313 868 egit
323 800 458 863 intonsus,
469 805 501 854 ut
517 805 589 854 esset
600 800 698 854 merito
708 801 766 868 jam
778 800 913 853 sacerdos.

203 896 282 951 Celsa
293 899 411 969 denique
430 899 484 953 tide
500 899 653 968 promeruit
664 899 761 969 dignus
778 899 892 963 honore,

170 996 296 1065 gentibus
311 1002 342 1051 ul
359 1003 452 1067 pastor
465 999 543 1063 foret,
555 999 653 1067 praesul
664 999 837 1053 credentibus
849 1003 929 1052 esset.

205 1192 285 1249 Nam
299 1197 361 1262 post
372 1209 506 1246 annorum
525 1210 634 1247 cursum
646 1193 880 1263 plurimorumque
893 1195 1016 1256 decursa,

171 1291 273 1346 Christi
293 1294 362 1343 nutu
379 1289 519 1353 adtonsus,
530 1293 705 1343 consecratur
716 1290 851 1342 sacerdos.

203 1390 272 1444 Ecce
283 1388 416 1442 Dominus
424 1386 558 1441 humilem
566 1388 640 1441 levat
651 1389 685 1441 de
694 1393 814 1442 stercore
822 1404 981 1456 pauperem,

171 1486 275 1540 etfacit
286 1486 390 1540 celsum
409 1485 706 1554 egregiasintersedere
724 1492 855 1539 catervas.

204 1585 293 1638 Exin²
305 1585 471 1638 Francorum
482 1585 539 1653 jam
552 1601 615 1638 rura
623 1590 745 1638 sanctam
754 1600 848 1637 serens
857 1584 1019 1649 doctrinam,

171 1683 311 1738 milesonis
323 1684 334 1717 ⁸
347 1699 457 1752 quoque
468 1683 576 1752 plectris
588 1683 732 1751 praesentia
741 1699 856 1736 munera
866 1683 974 1737 Christi.

205 1783 346 1836 Tractanti
366 1783 460 1837 sedule
477 1782 505 1835 in
517 1787 589 1836 coetu
608 1781 689 1851 digna
704 1782 825 1836 adhaeret
842 1782 961 1846 miratio,

173 1882 206 1936 de
223 1882 346 1951 praesulis
363 1898 482 1950 namque
496 1881 598 1947 verbis,
615 1882 728 1934 senibus
740 1886 768 1934 et
779 1881 893 1934 effoebis.

205 1981 249 2034 Sic
263 1985 356 2049 pastor
367 1981 457 2034 bonus
466 1979 604 2047 obsequiis
613 1979 720 2048 plebem
731 1980 831 2048 jugiter
839 1996 964 2045 monens,

173 2079 207 2133 ad
215 2080 354 2148 proprium
362 2095 470 2147 semper
477 2079 608 2132 trahens⁴
619 2079 766 2133 nectebat⁶
778 2095 901 2132 amorem
910 2095 1015 2134 omnes.

206 2177 287 2230 Vocis
310 2176 466 2245 apostolice
477 2193 554 2230 rures
566 2177 610 2246 pio
623 2177 750 2246 dogmate
762 2177 887 2246 implens,

174 2275 352 2344 cursibusque
369 2275 486 2329 assiduis
502 2275 580 2328 dulce
599 2293 667 2344 opus
680 2276 832 2340 revolvens,

206 2374 342 2444 Flagranti
353 2374 444 2428 studio
457 2373 543 2438 villas,
555 2374 653 2428 domus
663 2375 826 2444 plebemque
839 2375 966 2445 inrigans

73 2533 78 2544 ,
175 2475 354 2542 certatimque
371 2479 483 2528 cunctos
495 2459 589 2528 monet
601 2475 639 2528 ire
648 2475 763 2543 Olympo
778 2475 840 2543 quis
851 2475 925 2544 prior
934 2475 1007 2529 velit

206 2574 344 2627 Sollicitus
355 2575 367 2608 ⁰
379 2575 462 2628 etiarn
474 2590 641 2642 quemquam
653 2591 688 2627 ne
698 2575 810 2627 devoret
825 2574 952 2642 luporum
965 2575 1012 2639 ira,

175 2673 283 2741 collegit
295 2672 330 2725 ad
347 2672 440 2726 caulas
452 2689 549 2725 omnes
563 2677 655 2740 pastor
667 2673 796 2740 providus
806 2690 878 2726 oves.

208 2770 332 2824 Assiduis
345 2769 456 2823 monitis
468 2786 578 2832 vocans,
590 2771 624 2823 ad
642 2787 743 2838 pascua
761 2772 823 2824 vitae
841 2771 967 2835 invitans,

176 2871 277 2924 excitat
293 2886 389 2938 segnes
406 2868 512 2922 animas
529 2869 584 2923 alto
594 2885 692 2937 sopore
706 2870 853 2938 depressas.

209 2970 240 3022 ln
249 2969 326 3022 vultu
339 2973 366 3021 et
378 2984 425 3020 ore
437 2967 530 3030 solers,
543 2968 705 3021 modestiam
717 2970 789 3036 plebi
801 2969 980 3036 praetendens,

176 3067 212 3120 acl
224 3066 399 3135 deponendas
414 3065 482 3119 caeni
493 3065 616 3118 maculas
633 3066 752 3119 clamore
764 3066 901 3120 indefesso
914 3084 1022 3121 vocans.

210 3163 342 3216 Fluminis
354 3168 384 3216 ut
391 3163 487 3231 liquidi
497 3167 590 3231 optata
600 3163 726 3216 miranda
738 3168 865 3231 caperent
877 3163 993 3227 lavacra,

178 3267 206 3316 et
216 3263 318 3331 quique
328 3263 385 3328 jam
398 3265 489 3314 essent
501 3261 578 3314 tincti
589 3261 803 3329 adsequerentur
814 3261 1009 3329 poenitentiam.

212 3362 371 3430 Corrigebat
388 3361 526 3413 anfractus
537 3360 610 3413 linea
627 3359 731 3412 itineris
749 3364 833 3419 actus
932 3386 935 3393 ·

179 3478 211 3516 ex
229 3462 366 3529 baptismo
384 3464 412 3513 et
427 3459 586 3527 poenitentia
603 3458 732 3526 pollicens
750 3458 853 3511 aboleri
864 3465 984 3526 peccata.

211 3561 350 3613 instruens
362 3575 472 3627 quoque
489 3563 588 3611 stratas
600 3557 711 3610 sublimi
723 3557 806 3624 judici
819 3558 932 3625 amplas,

178 3656 344 3724 semitasque
361 3672 428 3724 quas
440 3655 540 3708 Christi
553 3655 633 3722 digne
645 3654 758 3722 uestigia
777 3654 941 3708 inhabitent

211 3754 347 3823 Supplicia
364 3755 468 3808 cunctis
479 3754 610 3822 gehennae
623 3754 634 3787 ⁷
647 3755 746 3806 virtute
759 3760 915 3806 monstrans
929 3753 1029 3807 vitare:

179 3855 280 3920 Facite,
297 3854 431 3923 inquiens
442 3856 562 3919 fructum
575 3856 600 3905 si
611 3855 717 3905 totidem
726 3856 888 3919 poerritcntiac
896 3860 996 3919 aptum.

212 3955 265 4018 Ea,
277 3953 343 4017 infit,
356 3952 468 4005 Filium
479 3954 596 4005 hominis
604 3955 687 4004 ueniat
696 3953 840 4019 Patrisque
848 3955 985 4005 mirristris

180 4055 305 4121 stipatus,
317 4053 386 4104 celsa
392 4053 482 4117 judex
492 4053 523 4103 in
532 4053 592 4103 sede
601 4057 724 4117 paterna.

212 4151 306 4202 Justos
317 4151 411 4201 dehinc
421 4164 559 4201 secernens
570 4149 628 4200 laba
640 4149 775 4200 scalarum
787 4150 820 4200 ab
829 4149 919 4212 badis,

181 4249 279 4301 dextra
290 4250 320 4300 in
327 4255 409 4314 parte
420 4248 505 4299 libens
516 4247 654 4299 collocabit
662 4254 775 4298 otiantes.

215 4493 277 4546 ¹rei
290 4493 312 4556 1,
324 4493 392 4545 C—
413 4491 538 4545 'Exinde
555 4493 578 4544 l.
596 4519 627 4529 -
648 4491 659 4524 ³
679 4491 837 4544 mellesonis
856 4501 879 4544 et
899 4495 928 4544 in
949 4511 1035 4560 marg.
1055 4494 1223 4553 millesonis
1245 4503 1271 4556 9.
1293 4532 1303 4543 -

181 4575 250 4628 hent
261 4577 284 4639 1,
296 4576 319 4628 d.
331 4575 387 4611 -ὓ
402 4575 558 4628 uectibusb
572 4602 603 4611 -
615 4574 627 4608 ⁰
639 4577 677 4626 ita
689 4575 723 4635 Q
740 4577 795 4627 cod.
813 4574 951 4627 sollicitos.
968 4602 1000 4613 -
1018 4575 1030 4607 ²
1048 4579 1107 4630 coal.
1126 4580 1274 4648 gehenae.
1298 4617 1303 4624 .

182 4656 251 4710 hius.
