3142 5392
271 117 362 169 amn.
389 116 470 168 aaa.
497 116 671 169 samana.
700 138 747 148 -
774 118 853 169 con.
882 113 919 169 ΝΟ
946 116 1071 169 erro-rr.
1222 96 1295 170 295

71 336 76 345 ·
102 304 172 360 Cnrn
181 321 241 359 vero
257 306 332 359 tama
349 304 480 359 bonitatis
491 305 551 373 ejus
563 305 667 374 ubique
683 307 791 360 volaret
803 311 830 360 et
842 305 1029 360 desiderarent
1040 305 1146 360 vultum
1156 305 1215 375 ejus
1227 307 1296 376 aspi·

10 406 17 457 ζ
67 404 316 474 aercqaibuanxta
324 404 480 474 apostolum
489 406 562 459 iacta
570 405 660 459 fuerat
669 406 738 459 odor
749 405 812 459 vitae
825 405 853 458 in
864 405 957 469 vitam,
966 404 1163 474 milesquidam
1174 405 1296 460 famosus

10 508 17 557 l
33 502 37 507 '
70 507 197 574 etpotcns
205 519 265 557 cum
274 503 388 572 copiosa
397 504 515 558 militurn
525 503 700 558 multitudine
712 505 746 557 de
757 503 932 572 transalpinis
944 504 1067 572 partibus
1079 504 1236 570 adveniens,
1248 521 1297 575 per

21 584 24 599 ¹
76 606 187 655 nahum
202 601 267 655 illud
285 601 314 655 in
326 618 381 671 quo
399 604 508 656 ducissa
524 619 587 656 cum
601 619 651 656 suo
664 602 730 657 tunc
749 603 911 657 morabatur
928 602 1080 672 lantgravio
1101 619 1166 656 casu
1181 603 1297 657 transire

37 742 43 773 ·.
80 698 192 755 hbebat
209 700 291 768 Cuius
309 701 453 755 transitum
471 717 644 770 praenoscens
661 701 836 771 lantgravius,
854 701 966 755 obviam
983 701 1022 754 illi
1034 702 1173 771 processit.
1186 702 1219 755 Et
1230 702 1296 756 dum

25 810 50 871 ³3
85 797 167 851 nutu
178 797 299 866 precibus
313 799 369 852 dux
381 799 495 852 instaret
507 799 636 868 quatinus
647 799 728 853 miles
739 800 775 853 ad
787 800 901 852 domum
914 815 992 853 suarn
1004 799 1092 867 gratia
1103 799 1298 868 hospitalitatis

44 922 50 945 ·.
85 892 220 962 direrterct,
228 897 308 950 miles
317 897 458 966 respondit
469 914 498 950 se
511 913 686 967 nequaquam
696 897 821 967 precibus
829 898 906 951 ducis
917 897 1178 966 obtemperaturum,
1188 897 1241 951 nisi
1249 898 1297 952 tali

91 999 156 1062 [aab
163 995 226 1063 qnod
234 995 420 1050 venerabilem
431 996 567 1050 ducissam
577 996 689 1061 rideret,
699 1013 814 1050 uxorem
822 996 925 1050 scilicet
932 1012 1020 1059 suam,
1030 997 1063 1050 de
1073 1013 1127 1064 qua
1137 1000 1178 1049 tot
1186 1001 1214 1050 et
1222 1001 1299 1051 tanta

37 1112 50 1159 -2
95 1091 199 1147 virtutum
209 1098 236 1147 et
246 1093 410 1148 humilitatis
422 1095 539 1162 insignia
548 1097 623 1149 fama
634 1099 762 1148 narrante
771 1095 908 1164 cognovit,
916 1099 948 1148 ut
957 1095 1016 1161 ejus
1026 1095 1132 1148 risione
1142 1095 1299 1149 consolatus

51 1186 57 1199 '
97 1191 384 1262 drloqniosetandem
394 1194 450 1247 suis
459 1193 560 1247 sanctis
573 1194 743 1248 orationibus
752 1194 966 1248 commendaret
976 1194 1171 1261 Cujusdevotae
1180 1193 1299 1263 postula·
1327 1176 1329 1181 Ι

98 1291 279 1360 armanus
287 1293 385 1346 annuit
393 1293 561 1362 lantgravius
572 1312 578 1355 ;
591 1297 619 1346 et
629 1292 667 1346 sic
678 1293 761 1346 ambo
774 1309 822 1361 per
834 1297 953 1345 castrum
966 1292 1127 1360 equitantes,
1140 1297 1299 1346 occurrente

45 1416 58 1435 ·.
102 1399 180 1441 menon
195 1393 220 1442 et
235 1389 403 1458 obsequente
416 1389 492 1443 ducis
503 1390 616 1453 familia,
626 1389 825 1444 descenderunt
836 1406 923 1456 equos
938 1393 966 1443 et
977 1389 1108 1457 palatium
1121 1388 1299 1443 intraverunt

103 1490 134 1545 rr
145 1492 166 1547 in
179 1495 235 1548 aula
246 1495 324 1549 ducis
343 1496 438 1565 ingens
455 1497 594 1566 utrimque
606 1497 725 1550 militum
737 1495 877 1550 exultatio.
887 1495 1045 1549 Laetabatur
1057 1496 1156 1563 hospes
1167 1499 1299 1564 uterque:

57 1590 65 1605 Ἰ
101 1596 251 1662 tuaptorde
259 1595 379 1664 suscepti
388 1595 540 1663 prasentia,
548 1600 689 1664 susceptus
698 1593 906 1663 protamhilari
914 1593 1000 1663 gratia
1010 1593 1185 1664 susceptoris.
1194 1594 1300 1661 Quibus

62 1694 66 1701 '
105 1691 186 1746 landem
196 1694 227 1746 ad
239 1710 365 1747 mensam
377 1694 478 1762 pariter
496 1693 686 1757 residentibus,
698 1693 777 1747 miles
790 1709 847 1747 non
864 1693 1012 1746 immemor
1031 1693 1141 1746 foedcris
1153 1693 1300 1762 quodcum

103 1786 154 1842 duce
162 1792 296 1862 pepigerat,
314 1791 450 1846 ducissam
463 1792 648 1846 venerabilem
660 1793 788 1846 aduocari
802 1792 923 1860 rogabat.
936 1792 1000 1844 Erat
1015 1796 1107 1845 autern
1121 1792 1202 1845 beata
1218 1791 1301 1846 Eliza·

104 1884 152 1940 belh
159 1890 218 1944 sicul
225 1908 304 1945 more
313 1890 395 1943 solito
404 1895 593 1955 consueverat,
603 1890 630 1944 in
640 1896 745 1944 secreto
755 1907 805 1943 suo
816 1889 950 1954 cubiculo,
957 1889 1005 1942 ubi
1012 1890 1091 1957 juxta
1100 1889 1223 1943 divinum
1234 1906 1301 1958 prae·

102 1993 186 2056 ceptam
195 1990 288 2045 orabat
294 1990 404 2043 Patrem
413 2005 502 2052 suum,
509 1987 618 2042 assidue
626 2005 726 2042 vacans
736 1988 853 2042 orationi
864 1994 893 2042 et
901 1988 1014 2041 diutina
1023 1987 1171 2057 suspendio
1180 1994 1301 2042 contem·

97 2084 200 2153 phuam
214 2103 330 2142 annexa.
342 2086 410 2153 Quae
421 2086 509 2155 primo
528 2091 625 2140 vocata
637 2103 685 2155 per
696 2087 832 2151 nuntium,
844 2090 954 2155 propter
973 2086 1104 2139 vilitatem
1123 2085 1233 2140 habitus
1246 2103 1300 2155 qno

39 2196 42 2201 '
94 2183 421 2240 induebaturselrumiliter
429 2184 637 2249 excusarit3sed
646 2185 732 2238 milite
741 2190 851 2254 propter
860 2185 913 2238 hoc
923 2185 1021 2238 iterum
1032 2184 1195 2238 sollicitante
1203 2185 1301 2238 ducem

31 2294 35 2301 “
90 2285 208 2351 abentius,
219 2287 274 2339 dux
295 2301 408 2354 surgens
425 2301 442 2337 a
459 2300 555 2339 mensa
573 2284 691 2353 perrexit
708 2285 743 2337 ad
755 2284 830 2337 illam
849 2283 877 2337 in
889 2284 1047 2337 cubiculum
1067 2289 1094 2336 et
1111 2300 1174 2337 eam
1192 2289 1302 2353 propter

10 2394 13 2405 ¹
87 2384 195 2438 mandati
202 2385 243 2440 sui
255 2383 499 2453 transgressionem
508 2383 606 2437 leniter
618 2383 774 2452 increpavit.
782 2383 824 2436 Ad
834 2384 907 2452 quod
917 2383 1014 2436 humili
1024 2400 1091 2437 voce
1102 2383 1183 2436 beata
1191 2399 1301 2452 respon·

10 2464 12 2471 ¹
80 2489 134 2545 dit:
145 2491 240 2544 &mne
251 2493 290 2543 mi
301 2492 445 2557 iantpraai,
457 2506 510 2543 man
523 2492 638 2556 imputes
653 2491 722 2542 mibi
732 2491 840 2557 culpam
850 2490 1039 2554 inobedientiae,
1051 2507 1097 2543 nec
1108 2491 1158 2542 tibi
1166 2492 1267 2543 durum
1279 2499 1302 2544 et

74 2604 199 2656 «murum
214 2591 338 2642 rideatur
354 2591 426 2657 quad
437 2591 474 2642 ad
485 2597 509 2642 te
521 2605 575 2642 riou
592 2592 651 2642 aeui
662 2596 773 2654 accata;
784 2591 850 2656 quia
863 2589 937 2640 Deus
949 2590 999 2641 scit
1013 2590 1205 2655 quodpropter
1215 2589 1302 2640 silita·

73 2696 125 2743 um
134 2690 187 2741 mei
195 2689 303 2741 imbus
310 2689 358 2741 liae
369 2690 476 2754 egerim,
487 2705 520 2740 ne
536 2689 636 2740 scilicet
646 2688 755 2740 habitus
766 2694 822 2740 tam
833 2688 964 2752 deformis
976 2689 1006 2738 in
1020 2686 1195 2754 opprobrium
1206 2688 1303 2753 sempi-

65 2795 177 2841 ternum
187 2787 245 2847 tibi,
256 2788 352 2839 minua
361 2803 425 2851 mea,
442 2793 595 2840 verteretur.
608 2786 667 2848 Sed,
680 2788 745 2853 quia
757 2787 889 2853 scriptum
897 2793 935 2838 est
946 2787 977 2837 iu
989 2787 1125 2852 apostolo:
1136 2786 1238 2838 Mulier
1248 2802 1303 2839 nari

63 2887 150 2940 babet
155 2892 311 2954 petractem
327 2887 449 2952 corporis
463 2888 517 2951 sui,
534 2887 581 2938 sed
592 2888 642 2946 eir,
661 2893 684 2938 et
701 2887 768 2938 alibi
778 2887 938 2952 praecipitur
948 2892 979 2937 at
991 2886 1116 2938 mulieres
1126 2886 1238 2938 subdita
1248 2887 1304 2938 siut

61 2987 139 3039 airis
156 2987 224 3049 saie,
241 3000 275 3037 ea:
290 2985 436 3051 quajubea
445 2985 540 3036 domae
551 2986 598 3048 sui,
607 2986 672 3051 quia
684 2985 735 3036 tibi
745 2991 834 3037 teneor
846 2985 959 3049 obedire,
978 3000 1031 3036 nom
1045 3000 1103 3036 mea
1115 2986 1245 3047 calceatae,
1257 2986 1303 3037 aed

56 3090 113 3137 tua
130 3082 192 3148 fiat.
212 3081 311 3134 Recede
326 3097 388 3147 erga
404 3082 555 3148 paulluum,
572 3081 686 3143 obsecra,
704 3082 785 3133 donec
802 3083 934 3134 matianis
952 3096 1015 3133 meae
1029 3081 1109 3145 finem
1129 3083 1263 3148 impleam,
1280 3088 1304 3133 et

58 3183 164 3236 statim
175 3197 276 3248 sequor
291 3188 323 3246 te,
335 3182 430 3233 danne
438 3183 477 3232 mi
487 3181 632 3245 lantpram'.
643 3178 704 3246 Quo
718 3179 870 3243 recedente,
887 3179 966 3232 beata
986 3179 1127 3232 Elisabeth
1139 3195 1168 3233 se
1184 3184 1303 3248 proster-

55 3296 136 3337 nens
153 3279 184 3332 in
201 3277 389 3347 pavimentum
401 3277 527 3341 cubiculi,
539 3279 619 3347 coepit
632 3295 717 3343 orare,
730 3279 842 3332 dicens:
862 3280 964 3332 Damae
981 3280 1048 3332 Jesu
1063 3278 1176 3343 Christe,
1192 3280 1235 3344 fili
1252 3281 1304 3333 Dei

54 3383 127 3446 aivi,
138 3394 193 3447 pra
205 3379 284 3445 cujus
300 3394 391 3431 amare
407 3385 514 3431 terrena
525 3381 677 3447 contempsi,
688 3381 816 3445 fugitivos
828 3380 942 3431 lionores
953 3380 1063 3446 damari
1069 3397 1080 3443 ,·
1091 3380 1140 3431 sub
1152 3379 1231 3444 cujus
1242 3381 1302 3431 ala·

52 3496 127 3535 rum
141 3478 357 3546 umbraeperari
365 3485 388 3530 et
396 3478 517 3544 sperabo,
527 3479 609 3531 dorae
621 3485 742 3530 transeut
756 3479 889 3545 iniquitas
895 3497 906 3543 ;
917 3479 996 3544 cujus
1008 3480 1144 3530 aemilium
1156 3480 1187 3530 in
1201 3480 1303 3531 cunctis

51 3576 269 3633 amenitatibus
280 3577 345 3627 eneis
353 3582 463 3642 experta
474 3591 544 3639 sum,
554 3578 583 3627 in
593 3575 766 3626 tribulatione
775 3577 946 3639 patientiam,
957 3577 986 3627 in
1001 3576 1162 3640 infirmitate
1170 3576 1303 3641 virtulem,

52 3683 86 3732 im
101 3681 244 3731 crucetua
254 3675 378 3740 gloriam,
389 3675 416 3725 iu
426 3674 533 3740 frigore
541 3681 564 3725 et
576 3674 697 3725 nuditate
704 3673 837 3738 feruorem
849 3674 891 3724 tui
901 3675 1035 3738 spiritua:
1051 3675 1140 3741 aspice
1152 3676 1181 3726 in
1194 3676 1304 3726 niedita-

51 3788 116 3833 tem
129 3790 219 3827 mam
229 3780 254 3825 et
263 3773 389 3825 misereri
400 3774 459 3834 mei,
472 3789 504 3824 ue
515 3773 622 3824 habitus
634 3773 687 3824 mei
697 3772 858 3836 deformitas
869 3772 958 3824 seculo
972 3773 1151 3838 despicabilis,
1161 3790 1241 3840 quom
1249 3790 1304 3840 pra

50 3876 103 3928 teri
113 3872 237 3924 menimis
245 3870 347 3922 hamore
354 3885 408 3922 naa
416 3869 520 3929 erubui,
531 3869 579 3933 fiat
590 3869 668 3921 bodie
678 3869 775 3920 darana
784 3884 842 3920 meo
851 3869 880 3919 in
891 3869 1051 3920 scandalum
1061 3877 1084 3921 et
1095 3872 1123 3920 in
1129 3871 1304 3936 proverbium

50 3963 317 4031 interamnae
329 3962 453 4017 oratione
472 3962 615 4031 completa,
631 3978 694 4016 ecce
707 3962 820 4029 angelus
840 3963 951 4016 Domini
971 3963 1112 4017 descendit
1133 3965 1168 4017 de
1188 3966 1256 4019 coelo
1277 3971 1305 4020 et

51 4065 263 4121 vastimentum
285 4061 415 4115 divinitus
432 4066 574 4130 operatum
583 4065 665 4130 atque
683 4077 817 4115 coronam
833 4077 946 4115 auream
968 4061 1084 4116 diversis
1094 4063 1231 4131 lapidibus
1246 4080 1304 4133 pre·

51 4162 143 4220 tiosis
158 4163 296 4217 intextam
308 4159 434 4214 descrens
445 4160 473 4213 in
490 4158 626 4221 manibus,
639 4159 775 4213 allocutus
787 4165 829 4214 est
840 4177 910 4225 earn,
923 4161 1032 4214 dicens:
1048 4162 1069 4214 O
1082 4179 1182 4231 sponsa
1193 4165 1305 4217 coelestis

52 4266 175 4331 repleat
185 4263 277 4314 amica
294 4267 457 4324 maclarum,
465 4260 554 4323 Jesus,
569 4259 645 4324 tilius
657 4260 716 4323 Dei,
731 4277 808 4327 quem
817 4278 851 4313 ea
861 4268 914 4314 tota
923 4263 1008 4321 carde,
1020 4278 1053 4315 ex
1065 4269 1120 4315 tota
1132 4265 1226 4316 anima
1238 4271 1262 4316 et
1272 4280 1306 4316 ex

52 4372 117 4420 rata
134 4364 236 4415 virtute
246 4360 379 4424 dilexisti,
395 4359 573 4412 amicabiliter
588 4365 613 4411 te
629 4360 754 4411 salutans
771 4361 955 4413 vestimentum
973 4362 1021 4415 liae
1038 4363 1184 4428 mirificum
1196 4369 1220 4415 et
1236 4364 1306 4416 hanc

52 4477 192 4518 caronam
200 4475 320 4514 auream
330 4457 380 4510 tibi
390 4459 478 4510 mittit.
490 4457 607 4511 Induere
624 4474 687 4522 erga
699 4474 780 4525 quam
793 4460 875 4512 citius
886 4461 934 4513 lrac
946 4461 1101 4514 indumento
1114 4462 1212 4514 latitia
1222 4462 1307 4515 atltae
