3248 5392
300 304 392 354 uren.
410 304 490 354 nso.
511 303 681 355 sanaem.
702 325 748 334 —-
768 304 915 354 arpenn.
934 305 980 355 an
998 305 1077 355 con.
1096 303 1133 354 ne
1151 303 1272 354 roco-cr.
1332 285 1402 356 319

174 492 301 546 Tandem
317 499 417 550 tamen,
429 493 506 546 vultu
524 493 640 562 lugubri,
654 510 720 547 voce
736 493 893 557 miserabili,
908 510 985 546 more
1002 493 1128 546 muliebri
1145 493 1216 545 hanc
1234 492 1357 561 prorupit
1373 498 1403 546 ut

172 593 263 660 potuit
273 593 300 644 iu
310 593 457 660 querelam.
468 595 638 662 (Sequuntur
647 597 757 661 querela
766 598 863 646 matria
868 612 922 662 per
927 597 1058 660 prrginam
1068 594 1173 657 sertum.)

206 690 275 744 Post
294 694 396 744 eilusas
413 693 571 758 hujusmodi
592 694 738 760 conjugum
756 693 951 760 querimonias,
969 693 1040 745 fricta
1053 692 1103 745 luit
1120 693 1147 745 in
1166 692 1270 744 familia
1282 692 1403 745 districta

172 790 326 858 prohibitio
341 808 376 845 ne
388 792 493 846 clericis
505 792 626 846 invitatis
638 797 752 846 eventus
768 793 806 845 rei
824 791 880 844 ullo
896 793 1060 859 panderetur
1072 791 1187 844 indicio:
1200 792 1272 859 quia,
1290 791 1312 844 si
1325 807 1404 844 secus

172 889 259 950 lieret,
270 890 390 943 convivii
400 891 472 943 diem
484 893 512 945 in
522 891 658 944 moestitiae
668 891 769 944 mutari
784 897 892 944 noctem
907 890 986 943 facile
998 891 1175 958 contingeret.
1188 890 1300 944 Clericis
1312 891 1404 959 itaque

171 989 386 1042 convivantibus
398 995 426 1042 et
437 990 510 1043 diem
529 992 629 1043 testum
648 977 729 1058 cluam
749 990 847 1043 festive
864 995 990 1058 poterant
1007 989 1174 1042 omnimodis
1194 990 1404 1051 celebrantibus,

172 1091 250 1140 tanto
263 1087 354 1141 acrius
372 1089 501 1157 conjuges
509 1089 657 1167 doluerunt
670 1089 742 1141 intus
752 1095 855 1157 quanto
868 1089 928 1157 plus
937 1088 1036 1141 laetitiae
1049 1089 1221 1142 resonabat*
1234 1089 1360 1143 exterius.
1370 1091 1403 1144 Et

170 1186 235 1249 hoc,
247 1191 279 1239 ut
287 1187 412 1250 arbitror,
423 1176 463 1240 eis
472 1188 558 1240 crevit
566 1188 600 1240 ad
610 1188 771 1256 supplicium
785 1189 859 1256 qnod
869 1188 985 1240 ferventi
998 1188 1070 1240 intus
1079 1188 1181 1241 doloris
1190 1188 1316 1242 incendio
1328 1189 1403 1257 plan·

170 1291 233 1339 ctus
251 1286 420 1353 refrigerium
444 1287 561 1340 scienter
584 1288 786 1341 subtraxerunt.
807 1289 919 1341 Videres
943 1289 1024 1356 igitur
1047 1289 1120 1342 intus
1140 1289 1214 1356 ipsos
1233 1287 1404 1341 miserabiles

170 1389 277 1438 mutuae
295 1387 491 1454 compassionis
509 1387 638 1440 alternari
659 1393 810 1455 respectus;
830 1388 936 1441 videres
954 1388 1036 1440 etiarn
1050 1405 1097 1455 per
1116 1388 1193 1440 laetos
1209 1388 1299 1441 vultus
1311 1387 1403 1441 invitis

170 1484 261 1536 oculis
272 1483 400 1537 lacrimas
409 1485 593 1551 decurrentes
604 1486 719 1539 furtivos
735 1504 845 1555 quoque
856 1487 973 1555 gemitus
983 1487 1102 1552 jocunda
1113 1486 1196 1538 verba
1208 1485 1306 1553 raptim
1320 1486 1402 1539 inter·

170 1589 347 1652 rumpentes:
361 1584 604 1637 vehementissima
624 1586 724 1654 quippe
743 1585 784 1638 vis
804 1586 906 1639 doloris
926 1586 1009 1638 modo
1030 1602 1078 1638 eos
1098 1586 1139 1639 sui
1160 1585 1259 1638 oblitos
1278 1585 1403 1650 reddidit,

170 1684 257 1736 modo
266 1689 358 1736 aulem
372 1684 598 1753 superabundans
607 1685 740 1737 violenter
748 1685 845 1752 erupit.

204 1782 297 1836 Sensit
320 1782 375 1836 cito
400 1783 460 1851 pius
481 1783 580 1851 praesul
606 1801 717 1837 suorum
743 1784 866 1851 suspiria.
886 1784 1003 1851 copiosae
1029 1784 1150 1837 caritatis
1173 1784 1229 1851 jam
1257 1784 1403 1837 transfixus

173 1882 280 1944 lancea,
298 1899 353 1950 qua
367 1883 424 1949 J'am
447 1882 512 1935 olim
531 1899 612 1950 super
632 1883 750 1936 afflictos
770 1882 814 1950 pia
828 1883 910 1950 gessit
932 1883 1044 1946 viscera,
1060 1887 1253 1951 assumptaque
1270 1883 1403 1951 peregrini

171 1981 264 2049 specie
282 1981 317 2034 ad
335 1982 447 2034 domum
466 1981 541 2035 venit
559 1982 648 2035 luctus
669 1987 696 2035 et
713 1981 821 2035 laetitiae.
843 1982 1013 2035 Transeunte
1033 1999 1099 2035 vero
1117 1999 1166 2049 per
1187 1982 1318 2036 convivas
1337 1999 1403 2036 suos

170 2079 291 2147 hospite,
308 2084 433 2148 respectu
453 2080 526 2133 lucto
544 2079 612 2133 vidit
635 2079 725 2132 virum
744 2084 934 2147 expectantem
952 2096 1054 2132 munus
1074 2080 1219 2133 alimoniae.
1243 2079 1299 2132 Etsi
1323 2080 1403 2132 dolor

172 2178 263 2247 ipsum
285 2177 403 2231 multum
424 2179 569 2231 alienasset
593 2195 609 2230 a
634 2194 672 2241 se,
696 2194 751 2231 uon
775 2183 868 2231 tamen
888 2183 929 2230 est
950 2177 1052 2230 oblitus
1072 2177 1286 2231 misericorditer
1305 2178 1402 2231 ceteris

171 2276 330 2330 subvenire.
351 2275 503 2329 Mendicum
523 2276 597 2329 enim
615 2277 692 2329 illum
714 2276 834 2340 divitem,
853 2293 882 2329 se
899 2276 1026 2344 privatim
1045 2277 1109 2344 poni
1130 2277 1242 2345 provide
1262 2277 1403 2344 postulau-

169 2379 238 2439 tem,
265 2376 341 2444 pium
367 2374 464 2428 nolens
487 2391 617 2428 revocare
642 2377 821 2444 propositum,
843 2375 871 2428 in
892 2375 1049 2429 interiorem
1072 2376 1223 2429 introduxit
1249 2377 1402 2430 thalamum

169 2476 218 2530 ubi
232 2491 331 2544 corpus
342 2474 420 2544 pueri
431 2474 528 2543 pannis
538 2475 623 2541 jacuit
635 2476 766 2528 secretius
779 2475 941 2529 involutum.
959 2475 1029 2542 Quid
1048 2475 1146 2544 plura?
1158 2476 1280 2530 Accessit
1292 2482 1402 2530 sanctus

170 2581 198 2628 et
207 2573 361 2628 commovit
371 2579 520 2636 mortuum,
532 2574 727 2642 disparensque
739 2580 834 2643 postea
844 2575 953 2643 reliquit
961 2575 1123 2628 redivivum.
1138 2575 1281 2628 Redeuute
1290 2576 1402 2629 tandem

170 2675 287 2728 bomine
298 2679 326 2727 et
335 2690 408 2726 novo
418 2673 519 2742 hospiti
529 2690 591 2742 qnae
600 2673 745 2742 quaesierat
754 2673 856 2726 cibaria
863 2675 1003 2737 atterente,
1012 2674 1098 2727 lilium
1107 2691 1187 2728 suurn
1196 2675 1247 2728 sibi
1257 2691 1402 2729 occurren-

170 2778 228 2824 tem
248 2770 445 2839 amplexusque
463 2771 592 2839 pristinos
616 2772 776 2824 offerentem
798 2771 908 2833 habuit;
927 2771 1017 2824 virum
1034 2777 1126 2824 autem
1146 2788 1227 2840 quem
1249 2772 1402 2838 induxerat,

170 2870 297 2923 immotis
314 2870 410 2923 ceteris
421 2870 511 2923 solum
530 2886 585 2922 nou
604 2869 715 2922 invenit
733 2870 871 2935 Quantum
891 2870 971 2938 igitur
983 2871 1074 2938 gaudii
1092 2876 1119 2923 et
1130 2871 1249 2939 stuporis
1260 2887 1402 2925 excessum

169 2975 265 3023 mente
278 2970 408 3038 concepit,
417 2969 461 3022 ille
470 2970 571 3023 melius
580 2969 716 3038 explicare
725 2974 815 3038 potest
824 2969 870 3037 qui
881 2970 1023 3023 consimile
1033 2970 1135 3039 aliquid
1143 2972 1209 3024 inse
1217 2976 1345 3039 expertus
1353 2977 1402 3025 est.

169 3068 308 3136 Cognovit
319 3069 389 3122 iflico
403 3069 546 3122 dominnm
556 3084 637 3122 suum
647 3085 697 3122 suo
708 3070 819 3122 affuisse
832 3069 938 3131 solatio,
948 3070 1026 3136 cujus
1036 3071 1093 3137 ipse
1103 3070 1245 3123 annuatim
1258 3071 1403 3124 tenebatur

170 3167 314 3236 obsequio.
323 3167 459 3221 Producto
468 3167 603 3236 siquidem
613 3168 641 3220 in
650 3168 742 3237 palam
754 3168 811 3221 silio
824 3173 851 3220 et
860 3168 887 3221 in
899 3168 1003 3236 gremio
1012 3170 1109 3222 matris
1117 3169 1248 3222 ineolumi
1261 3169 1402 3234 collocato,

171 3266 200 3318 in
212 3282 297 3335 quam
306 3281 443 3318 summam
453 3266 551 3319 subitae
561 3265 750 3318 admirationis
759 3266 873 3333 gloriam
884 3270 1008 3319 materna
1018 3283 1096 3319 mens
1105 3271 1216 3334 repente
1226 3270 1303 3334 rapta
1312 3266 1402 3330 fuerit,

169 3364 280 3433 pensari
289 3365 381 3432 potius
392 3381 474 3433 quam
488 3365 596 3434 exponi,
605 3381 662 3418 nou
674 3370 766 3418 tamen
779 3365 859 3433 plene
874 3366 981 3434 poterit.
991 3366 1068 3419 Tunc
1080 3366 1194 3418 confusa
1206 3367 1280 3434 prins
1289 3365 1402 3434 respira·

171 3463 239 3515 bant
249 3467 375 3531 pectora;
390 3467 455 3516 tunc
467 3463 495 3516 iu
512 3464 590 3516 laetos
607 3464 695 3517 luctus
707 3470 839 3533 concepta
851 3466 925 3518 intus
942 3470 1090 3534 eruperunt
1106 3465 1219 3533 gaudia:
1232 3482 1280 3533 pro
1293 3481 1403 3518 summa

170 3563 245 3615 enim
259 3566 422 3630 praegustata
434 3563 545 3616 miseria
557 3563 608 3616 luit
626 3563 785 3632 incapabilis
803 3564 919 3618 felicitas
936 3565 1089 3618 subsecuta.
1109 3564 1179 3617 Nota
1197 3580 1261 3632 ergo
1279 3564 1402 3617 novitate

168 3660 305 3724 miraculi,
317 3667 458 3728 coeperunt
469 3661 551 3715 simul
561 3679 657 3716 omnes
668 3663 844 3730 magnificare
865 3669 991 3716 sanctum
1004 3664 1061 3727 Dei,
1074 3667 1101 3715 et
1113 3663 1186 3731 quod
1200 3663 1250 3715 luit
1261 3663 1401 3715 residuum

169 3760 206 3812 de
215 3759 342 3813 convivio
354 3760 491 3829 duplicato
504 3761 656 3815 celebratur
668 3762 809 3830 obsequio.
824 3762 901 3815 Tunc
919 3763 1035 3815 sonabat
1045 3762 1158 3825 cithara,
1171 3767 1234 3814 tuuc
1249 3760 1403 3829 psallebant

168 3859 307 3929 psalteria.
318 3859 415 3913 Clerici
432 3877 541 3929 quoqne
554 3861 742 3914 vociferabant
753 3861 941 3916 modulatione
954 3861 1071 3923 trifaria;
1084 3865 1118 3925 et,
1128 3861 1150 3913 si
1162 3861 1237 3928 prius
1248 3861 1402 3913 habuerant

169 3960 258 4013 sancti
275 3959 399 4027 praesulis
410 3960 482 4013 diem
500 3961 610 4023 festum,
628 3960 742 4030 duplum
760 3960 888 4029 deinceps
908 3962 1067 4029 adjecerunt
1084 3961 1198 4013 honoris
1214 3959 1298 4012 annui
1314 3960 1401 4013 incre·

169 4062 305 4112 mentum.
316 4057 517 4112 Benedicamus
526 4059 608 4127 igitur
617 4064 644 4112 et
653 4060 800 4113 nosDenm
809 4059 869 4113 coeli
880 4065 979 4113 etcum
992 4059 1096 4112 cunctis
1108 4059 1263 4112 viventibus
1273 4058 1400 4113 conlitea-

169 4173 233 4210 mur
243 4155 289 4223 illi,
299 4157 347 4225 qui
360 4172 408 4225 pro
421 4156 525 4210 Nicolai
534 4157 639 4210 meritis
649 4161 689 4210 tot
700 4163 741 4210 est
753 4158 835 4210 toties
844 4156 991 4210 auxiliatus
1000 4156 1115 4209 alilictis

1437 1100 1451 1130 *
1465 1117 1551 1169 supro
1564 1103 1612 1154 lin.

1453 1167 1590 1222 relresul·

1479 1234 1556 1287 tabat
