3142 5392
266 360 340 414 nnn.
365 356 445 410 nuo.
470 354 644 409 sunnon.
671 376 718 388 -
744 354 892 409 Amnum
920 355 967 408 nn
992 354 1071 408 oon.
1097 354 1134 406 ru
1159 352 1266 405 esaon.
1321 332 1372 406 65

196 565 280 606 moure
292 547 421 603 catholiore
438 546 519 616 legis3
537 545 636 615 quibus
655 549 683 599 et
698 545 738 598 ait
749 564 756 600 :
769 544 848 598 Nune
864 545 1002 610 diffiniam
1019 543 1160 609 manifeste
1178 559 1236 610 pus
1244 546 1371 612 suenrus

196 666 240 704 mn
251 648 349 713 tammus
358 647 416 699 Dei.
429 644 532 699 Omnes
542 649 635 698 antem
644 659 699 697 una
710 642 1214 709 vocedixerunt21mipefoeereepera
1223 646 1371 710 porricini.

196 744 387 815 uriumpondit
395 763 402 798 :
410 745 449 798 m
457 746 519 813 quis
530 751 568 798 est
577 750 658 812 poter
666 747 760 797 mensi
769 742 804 795 At
812 741 850 794 illi
862 741 1060 808 dixeramus
1069 741 1137 805 (ced.
1146 741 1203 809 illa)
1212 747 1261 812 qni
1271 746 1373 799 dicitnr·

197 847 314 899 imminet
325 845 460 897 emmens.
471 843 506 897 ut
516 842 583 896 dum
592 842 644 896 ists
653 841 787 906 dicuntur,
805 841 969 896 exclamarit
986 840 1072 895 homo
1086 846 1220 910 peccator,
1234 843 1304 897 sieut
1314 849 1374 899 erat

173 952 186 1000 s
198 942 316 1006 edntmut
324 941 373 994 sihi
381 940 474 994 cirilla
483 941 567 994 ferret
578 939 720 994 auxilium.
731 938 781 993 Cui
789 940 847 992 hec
855 939 1009 1008 respondit:
1021 942 1093 1006 Quid
1104 943 1145 994 eis
1153 942 1292 1006 etfaciam
1300 944 1374 997 tebit

198 1040 310 1109 Respondit
318 1059 325 1093 ε
333 1041 453 1105 Domine,
468 1048 499 1093 nt
508 1042 670 1109 aperiantur
689 1041 761 1093 uendi
777 1041 829 1092 mei
844 1056 897 1106 per
908 1047 938 1092 te.
958 1039 1142 1107 Interrogatus
1162 1055 1227 1093 vero
1247 1040 1282 1093 ab
1294 1057 1328 1095 eo
1340 1058 1374 1095 ex

198 1143 340 1206 protempore
351 1153 406 1191 non
414 1137 529 1201 videret,
537 1135 677 1205 respondit
689 1152 696 1188 ε
713 1137 760 1189 En
773 1143 848 1190 utero
859 1138 957 1190 matris
968 1152 1037 1190 mee.
1048 1136 1114 1190 Erat
1130 1142 1222 1192 autem
1239 1155 1374 1194 annorum

199 1235 405 1304 rbutidcoedens
415 1241 508 1289 autern
524 1234 616 1289 Cirilia
626 1234 714 1303 tetigit
734 1234 829 1288 oculos
840 1235 907 1302 ejus,
920 1234 945 1288 ei
964 1233 1008 1288 his
1024 1235 1197 1290 sermonibus
1213 1236 1324 1292 dicens:
1341 1241 1376 1293 In

199 1338 277 1388 emim
285 1336 364 1388 Putris
372 1336 424 1388 Dei
438 1336 554 1401 majoris
561 1341 585 1388 et
601 1334 672 1387 Filii
689 1335 741 1387 Dei
752 1336 866 1387 minoris
876 1341 900 1386 et
908 1335 1030 1401 Spiritus
1038 1337 1133 1398 sanni,
1145 1338 1193 1402 qni
1204 1344 1242 1390 est
1253 1341 1377 1393 minister

164 1437 187 1488 u
200 1447 272 1495 nrum,
280 1435 427 1499 operientur
435 1433 507 1486 omiti
517 1434 566 1485 tui.
578 1431 632 1485 Sed
643 1444 706 1485 cum
718 1430 901 1500 baecproiana
909 1435 936 1484 et
950 1430 1081 1500 sacrilega
1094 1448 1162 1486 voce
1173 1432 1280 1497 locutus
1297 1439 1377 1501 esset,

200 1532 257 1581 tanta
262 1530 403 1584 obcuritate
413 1530 486 1584 oculi
494 1530 553 1598 ejus
561 1529 589 1583 in
598 1528 642 1583 his
650 1529 822 1583 sermonibus
830 1529 932 1583 astricti
940 1535 1011 1593 sunt,
1018 1534 1049 1583 ut
1055 1534 1162 1585 tantum
1174 1531 1297 1587 dolorem
1307 1535 1377 1588 ferre

201 1636 326 1698 nonposset;
336 1632 381 1686 sed
391 1631 484 1685 statim
496 1630 525 1684 in
534 1630 682 1685 clamorem
692 1646 872 1700 prorumpens
883 1630 952 1684 dixit
964 1651 970 1684 :
982 1632 1090 1684 Perconi
1100 1649 1191 1686 eoram
1198 1634 1253 1687 Deo
1264 1642 1288 1688 et
1298 1636 1377 1700 robis,
1429 1643 1432 1649 '

201 1730 290 1782 minimi
298 1732 421 1798 mptismi,
430 1733 497 1798 qnia
504 1731 631 1784 habebam
642 1731 731 1783 oculos
742 1746 831 1795 sanos,
839 1736 864 1783 et
875 1731 908 1782 ab
927 1733 1043 1783 arriano
1060 1747 1151 1784 urnore
1157 1735 1277 1798 pecunie
1285 1750 1379 1801 prove·

202 1818 336 1882 curemus
345 1846 411 1882 suni.
423 1830 586 1895 Precamini,
595 1835 723 1896 quaesunt
731 1830 799 1881 milii
807 1830 903 1882 divina
910 1830 1037 1894 majestas
1042 1846 1095 1897 per
1098 1832 1377 1896 pernitentiumindui·

165 1926 190 1974 45
201 1927 391 1995 emtumprrestet,
399 1935 424 1981 et
429 1944 486 1995 pro
493 1934 568 1981 tanto
578 1929 672 1981 sceiere
681 1929 782 1995 laryiri
790 1929 1034 1993 dipnetnrnenium,
1044 1929 1176 1994 quiscum
1186 1931 1299 1994 fallacia
1308 1933 1379 1984 ortis
1437 1984 1445 1995 ,

202 2022 300 2079 intem
314 2030 448 2080 cecitatem
466 2028 616 2079 incurrisse
632 2028 755 2078 inventus
765 2042 833 2079 snm.
845 2024 1024 2078 Beatissimus
1042 2040 1107 2078 vero
1128 2026 1264 2094 Eugenius
1280 2026 1379 2082 Vinde-

202 2118 326 2178 nialidixit:
336 2125 367 2178 Si
375 2127 447 2178 milri
457 2131 551 2178 eontra
567 2126 692 2177 meritum
703 2141 789 2176 meum
801 2125 925 2177 hesimus
937 2125 980 2176 die
991 2125 1068 2176 iilius
1081 2126 1140 2177 enei
1157 2126 1381 2180 illuminationem

204 2218 343 2290 (tiriumpro
352 2226 398 2278 sni
408 2226 527 2277 nominis
538 2225 662 2276 ekritute
672 2225 774 2276 <tornare
783 2225 912 2291 dierectus
923 2229 968 2288 est,
978 2224 1049 2275 scios
1058 2224 1124 2290 quia
1134 2231 1157 2276 et
1165 2225 1301 2291 ipseirune
1309 2233 1381 2279 etam

202 2322 373 2377 immorantem
381 2325 523 2376 uiuminet.
536 2321 827 2391 Tuncepiscopusait:
845 2323 945 2374 Accede
956 2322 1054 2389 absque
1073 2323 1252 2388 ombipuitcte,
1270 2327 1335 2391 quia
1352 2333 1382 2379 nt

167 2413 191 2464 ii
202 2430 271 2470 mam
278 2427 316 2474 tua
326 2439 417 2475 mum
426 2424 548 2488 tetiperit,
557 2424 634 2489 eipso
645 2422 771 2487 crucifixi
784 2422 897 2474 Domini
915 2422 1003 2473 nostri
1014 2421 1215 2474 illuminabitur
1225 2439 1288 2475 mon
1298 2430 1383 2477 mente

202 2517 291 2584 dnum,
300 2522 391 2587 quibus
407 2537 467 2573 eum
487 2521 611 2574 diabolus
625 2522 733 2587 nemina
744 2521 856 2573 cecitate
865 2536 916 2586 per
926 2536 1037 2572 manum
1049 2521 1209 2585 sacrilepam
1227 2521 1337 2575 orbavit.
1349 2520 1384 2575 ut

202 2611 429 2686 stetinutpraeiatns
438 2618 545 2686 signum
554 2617 642 2672 crucis
650 2632 732 2687 super
740 2617 834 2671 oculos
844 2634 929 2686 nuper
938 2617 1065 2671 excaecati
1074 2617 1202 2687 depinxit,
1215 2617 1383 2673 illuminatus

202 2710 236 2760 ist
245 2709 303 2768 Tunc
313 2716 346 2769 ab
356 2720 472 2785 unaque
483 2715 564 2785 plebe
574 2716 642 2770 fides
661 2715 798 2770 catholica
808 2715 981 2785 magnificata
993 2720 1042 2782 est,
1054 2716 1215 2785 fallaciaque
1233 2717 1383 2771 adversarii

202 2802 278 2863 lebeta
284 2817 356 2884 atque
365 2815 480 2869 confusa
494 2819 542 2869 est

165 2899 191 2950 ὓ
229 2904 254 2960 ὅ.
265 2908 332 2964 tund
343 2926 454 2980 quoque
464 2909 589 2964 miraculi
597 2925 682 2979 genus
693 2925 741 2979 per
749 2913 873 2963 sanctum
886 2908 1038 2978 Eugenium
1047 2914 1075 2963 et
1091 2913 1216 2964 sanctum
1228 2909 1383 2963 Vindemia-

201 2996 239 3054 lem
245 3012 328 3072 noum
341 3012 458 3072 osteum
471 3005 611 3060 audissent
618 3005 765 3074 quamdam
776 3005 886 3059 viduam
897 3005 1045 3059 admodum
1055 3004 1209 3074 religiosam
1217 3004 1382 3058 calumniam

202 3094 327 3158 intelicitatis
335 3121 390 3158 suae
400 3103 508 3157 deilere.
519 3101 633 3156 Dicebat
641 3102 715 3155 enim
726 3102 875 3171 hospitium
887 3118 967 3155 suum
980 3101 1005 3155 ei
1017 3102 1123 3155 absenti
1136 3103 1200 3166 (eod.
1213 3103 1336 3170 absente)
1348 3102 1384 3155 ab

201 3192 320 3257 hominihus
327 3203 407 3257 malis
417 3202 488 3256 clam
503 3201 646 3270 direptum,
659 3201 697 3254 ita
708 3205 739 3254 ut
747 3200 798 3254 sibi
808 3200 969 3254 alimentum
985 3201 1065 3254 unius
1085 3201 1139 3255 diei
1151 3218 1207 3255 non
1219 3201 1384 3269 relinquere·

201 3294 237 3346 ltu.
245 3297 275 3352 id
290 3302 342 3356 haec
353 3301 427 3356 beati
439 3301 489 3354 viri
501 3299 677 3355 miseratione
689 3299 828 3363 commoti,
849 3300 973 3353 oratione
985 3300 1065 3365 iactu,
1077 3305 1107 3353 ut
1126 3299 1165 3354 eis
1177 3317 1238 3353 mos
1250 3304 1316 3363 erat,
1329 3315 1384 3353 una

167 3387 375 3455 uvoeedirerunt:
390 3402 470 3465 Vade,
483 3399 571 3468 inquit
580 3399 655 3464 (sie),
664 3401 769 3465 mulier,
782 3407 806 3452 et
818 3416 985 3467 punctimque
996 3407 1020 3452 te
1029 3401 1097 3452 dieis
1107 3401 1258 3466 perdidisse
1270 3402 1298 3451 in
1308 3401 1385 3452 domo

201 3494 234 3540 ita
242 3497 298 3550 mico
307 3501 428 3553 invenies.
441 3495 502 3563 Quo
513 3495 607 3550 audito
619 3500 745 3564 repetens
757 3495 870 3549 domum
889 3495 1031 3563 intrepida,
1043 3495 1175 3564 quidquid
1187 3511 1216 3548 se
1233 3494 1385 3547 dissimula·

202 3595 256 3642 remi
264 3596 397 3660 perdidisse
410 3599 592 3649 restauratum
604 3594 717 3647 invenit.
734 3594 767 3646 Et
786 3593 824 3646 ita
841 3594 945 3647 iactum
968 3598 1010 3647 est
1028 3599 1058 3647 ut
1079 3594 1106 3647 in
1127 3593 1185 3662 ipso
1210 3598 1333 3660 tempore
1349 3592 1385 3646 ad

201 3690 317 3746 marsnam
325 3694 473 3763 quamdam
491 3691 667 3761 paralyticam
680 3691 744 3745 dum
755 3695 832 3752 tanta
844 3707 939 3744 eorum
952 3690 1059 3744 virtutis
1071 3691 1146 3743 fama
1162 3690 1267 3759 perlata
1282 3689 1385 3753 inisset,

201 3792 457 3849 rmretvirumsuum
468 3796 499 3844 ut
509 3807 571 3845 eam
579 3792 740 3860 perduceret
751 3792 785 3844 ad
795 3795 919 3844 sanctum
938 3790 987 3843 Dei
1006 3790 1165 3859 Eugenium.
1186 3789 1299 3842 Dicebat
1311 3788 1384 3842 eninr

167 3875 251 3935 besor
260 3892 305 3943 toto
316 3891 521 3955 cordecredere,
532 3890 556 3944 si
564 3890 600 3943 ab
612 3891 670 3959 ipso
684 3890 814 3959 reciperet
825 3889 978 3943 sanitatem.
991 3890 1059 3943 Cum
1073 3889 1152 3956 igitur
1165 3889 1199 3940 ad
1218 3904 1281 3942 eum
1293 3904 1385 3957 perre-

202 3973 262 4033 uisset
269 3989 363 4053 mulier,
375 3989 456 4058 coepit
464 4005 512 4043 eos
521 3992 652 4058 utrosque
663 4004 759 4057 rogare
771 3993 801 4041 ut
812 4004 862 4055 pro
874 3988 933 4056 ejus
953 3987 1092 4041 debilitate
1111 3987 1287 4056 dignarentur
1300 4002 1386 4040 orare.
1456 4040 1459 4045 ,

202 4068 312 4139 Hietenirn
323 4087 475 4142 renuebant
486 4086 551 4150 (cod.
570 4086 758 4150 rennuebant),
779 4085 900 4140 dicentes
920 4086 994 4154 quod
1015 4102 1070 4139 non
1086 4091 1177 4139 essent
1194 4086 1277 4153 hujus
1288 4085 1387 4149 meriti,

202 4180 295 4241 urmes
304 4183 392 4238 divina
403 4183 525 4252 dignatio
534 4182 645 4251 aliquod
658 4183 764 4252 signum
774 4183 930 4236 ostenderet
941 4183 1072 4235 sanitatis,
1084 4183 1169 4235 Porro
1190 4199 1238 4236 eos
1258 4182 1388 4236 attentius

202 4273 305 4341 e¹⁰fahai,
315 4281 461 4335 testificans
472 4280 546 4349 quod
555 4280 590 4333 ab
600 4280 659 4347 ejus
668 4279 751 4357 domo
760 4277 916 4332 nullatenus
936 4278 1082 4343 recederet,
1102 4277 1154 4332 nisi
1166 4278 1273 4331 firmam
1286 4277 1389 4332 incolu-

166 4360 190 4415 *θ
202 4361 360 4444 militemini.
369 4380 596 4446 incolomitatem)
614 4379 753 4448 reciperet
773 4378 903 4431 videntes
914 4383 1006 4431 autem
1019 4378 1101 4430 fidem
1114 4384 1196 4446 atque
1215 4393 1389 4446 perseveran-

202 4457 311 4541 flamejus,
321 4478 388 4532 fusis
405 4477 525 4532 lacrimis
537 4481 565 4531 et
575 4477 699 4531 oratione
708 4476 837 4547 prostrati
846 4475 962 4529 orabant
978 4480 1009 4530 ut
1027 4475 1091 4529 fidei
1113 4476 1172 4543 ejus
1184 4475 1308 4530 Christus
1325 4476 1390 4530 etie-

202 4559 254 4618 cium
261 4573 385 4631 tribueret.
395 4575 537 4646 Completn
547 4593 611 4630 rero
626 4576 757 4640 oratione,
767 4575 1004 4645 apprehenderunt
1016 4591 1077 4628 enm
1090 4575 1211 4629 dicentes
1224 4595 1230 4629 :
1242 4577 1276 4628 In
1284 4577 1392 4629 nomine

206 4653 269 4720 lun„
281 4673 388 4731 Virtutis
395 4694 496 4744 suram
507 4679 535 4729 et
545 4691 610 4730 mox
620 4691 687 4729 sana
698 4674 727 4728 in
739 4674 852 4728 domurn
864 4690 942 4728 suam
952 4689 1074 4742 regressa
1085 4676 1134 4727 ost.

272 4803 356 4847 cirin.
372 4807 455 4847 saux.
1275 4791 1293 4843 b
