3142 5392
183 363 257 438 564
520 383 647 437 aaran.
672 382 777 436 conn.
803 382 1084 436 aaarooaarmc.

91 608 94 616 ,
184 588 278 626 meum
287 570 471 634 dissimulans,
483 569 564 633 illico,
576 587 632 625 non
645 570 798 639 inquisitus,
810 570 888 624 retuli
906 587 951 626 me
963 572 1005 625 ad'
1016 574 1160 642 poscenda
1171 575 1291 642 ejrrsdem
1300 577 1385 645 piissimi

1 675 82 742 ripple
90 672 157 740 ejus.
183 670 291 740 patroni
303 670 433 739 suffragia
445 668 622 739 sepulcmm’
634 669 753 724 Turonis
762 670 819 737 J‘am
831 671 952 724 secundo
969 671 1110 740 expetisse
1120 673 1263 742 multaque
1274 680 1299 729 et
1307 691 1387 744 magna,

183 786 245 840 aqua
257 768 285 823 iu
296 770 349 823 hac
367 784 424 823 non
435 769 630 823 invenerantur
646 768 764 837 regione,
776 769 810 823 de
822 768 869 822 illo
881 769 1015 824 miracula
1027 770 1083 824 illic
1101 777 1212 840 reperta
1223 778 1249 826 et
1259 775 1388 844 trascripta

184 883 293 921 mecum
310 866 441 920 attulisse.
454 866 578 934 Cumque
589 864 671 932 (sicut
682 867 717 919 de
734 866 814 920 robis
824 882 907 937 supra
916 868 983 933 dixi)
995 884 1099 938 magno
1113 870 1224 925 fervore
1236 871 1351 926 instarent
1362 879 1389 931 ot

171 965 206 1018 'si
218 981 273 1033 qua
285 980 318 1019 ex
331 963 375 1017 bis
395 963 431 1017 ibi
453 963 593 1026 haberem,
602 963 661 1016 sine
678 960 810 1017 dilatione
827 963 1049 1018 desiderantibus
1064 968 1237 1035 proferrem:
1251 969 1337 1036 quasi
1349 981 1409 1027 auat

182 1064 317 1123 adessent,
329 1063 426 1116 saitem
439 1062 486 1116 illa
503 1078 564 1131 qua
576 1061 735 1117 memoriter
752 1066 883 1127 tenerem,
894 1063 978 1117 latine
990 1064 1135 1129 referrem,
1147 1065 1352 1122 libentissimam
1364 1070 1391 1123 ob

182 1163 317 1216 honorem
331 1161 438 1230 patroni
450 1166 478 1216 et
495 1160 532 1214 ob
551 1177 647 1215 eorum
666 1160 843 1216 devotionem
864 1162 1005 1227 obediens,
1022 1167 1113 1218 totam
1132 1180 1167 1218 ex
1186 1165 1283 1220 ordine
1299 1169 1391 1236 pretate

182 1261 303 1315 historiae
315 1259 414 1314 seriem
423 1264 451 1313 et
462 1259 517 1313 alia
528 1259 654 1328 plurima,
663 1259 832 1313 latissimam
841 1276 936 1314 eorum
946 1276 1003 1315 non
1011 1261 1185 1317 defraudans
1193 1266 1391 1334 expectationem

182 1361 342 1416 decurrente
350 1359 409 1413 sine
418 1359 616 1428 impedimento
625 1375 753 1413 sermone
761 1358 855 1423 latino,
864 1360 999 1414 enarravi
1006 1360 1198 1416 considerans
1207 1364 1391 1435 itaqueeoapre

181 1459 362 1515 admiratione
372 1457 507 1512 dictorum
519 1462 668 1526 stupentes,
680 1458 785 1513 audens
797 1458 901 1528 aliquid
917 1463 945 1513 et
955 1459 991 1514 de
1007 1460 1201 1515 benivolentia
1212 1478 1304 1517 eorum
1313 1481 1391 1533 presa
1401 1472 1418 1519 lt

182 1575 268 1620 inens,
278 1558 333 1612 dixi
342 1557 473 1626 quoniam
482 1557 648 1625 joculatores
658 1561 685 1611 et
693 1556 771 1611 mimi
781 1557 922 1612 cantiones
930 1574 1002 1619 suas,
1011 1559 1075 1613 licet
1084 1559 1122 1614 de
1130 1561 1217 1615 rebus
1224 1563 1307 1617 ranis.
1314 1563 1389 1617 frastra

181 1657 307 1727 expedire
319 1657 424 1720 nolunt,
433 1672 489 1710 non
501 1656 632 1724 injustum
642 1672 732 1725 neque
745 1655 866 1724 ineptum
879 1656 992 1719 censeri,
1003 1659 1028 1713 si
1039 1674 1091 1728 ego
1104 1676 1221 1728 quoque
1229 1677 1278 1729 pro
1288 1678 1389 1716 sermore

180 1759 237 1808 tam
250 1753 358 1821 prolixo
370 1755 440 1808 etde
452 1754 536 1808 tantis
545 1759 572 1808 et
582 1760 638 1836 tam
646 1752 773 1823 jocundis
785 1754 892 1824 patroni
904 1756 946 1832 sni
958 1754 1101 1811 miraculis
1113 1757 1213 1813 habito
1228 1758 1323 1828 aliquid
1333 1762 1389 1815 retri-

179 1853 300 1907 butionis
320 1853 466 1922 exigerem.
487 1854 611 1923 Cumque
629 1853 756 1908 alacriter
773 1853 840 1923 qnid
859 1854 963 1924 pramii
981 1854 1080 1910 vellem
1101 1856 1280 1926 inquirerent,
1295 1875 1338 1927 ego
1352 1876 1388 1928 pro

179 1952 254 2005 bona
265 1955 292 2006 et
305 1956 431 2021 prompta
441 1952 583 2007 voluntate
596 1952 716 2022 ipsorum
728 1954 786 2021 jam
797 1969 911 2007 secums
921 1953 955 2007 de
963 1955 1087 2022 praemio,
1100 1955 1158 2009 diri
1170 1972 1207 2009 ne
1218 1957 1253 2009 de
1262 1958 1387 2026 quantitate
1398 1962 1417 2009 tt

179 2051 289 2118 petendi
299 2051 421 2105 muneris
431 2056 607 2118 terrerentur,
619 2051 750 2120 quoniam
763 2051 801 2105 nil
818 2057 939 2122 peterem
952 2057 1102 2116 terrenum,
1114 2055 1164 2108 sed
1176 2059 1282 2109 tanturn
1293 2055 1316 2108 id
1331 2057 1387 2125 quod

177 2153 205 2203 et
221 2149 279 2203 Deo
292 2149 410 2217 placeret
419 2154 446 2205 et
455 2167 503 2204 eos
514 2167 626 2220 prorsus
635 2151 757 2220 praebere
766 2166 822 2204 nou
832 2151 950 2220 pigeret:
966 2151 1094 2206 videlicet
1105 2154 1278 2222 participium
1287 2154 1386 2208 omniura

176 2246 357 2317 spiritualium
377 2249 513 2302 bonorum
533 2264 594 2318 qua
606 2249 634 2302 in
653 2237 836 2318 eleemosynis
853 2253 880 2303 et
896 2249 1067 2304 orationibus
1084 2251 1179 2306 ubivis
1196 2252 1289 2306 tierent
1307 2253 1339 2306 ab
1351 2254 1386 2305 e'a

176 2345 238 2414 Quo
256 2348 359 2412 andito,
378 2348 583 2419 promptissime
601 2352 628 2401 et
645 2347 772 2402 alacriter
788 2353 952 2413 annuerunt,
965 2354 1000 2413 et,
1012 2349 1188 2405 levissimum
1206 2352 1332 2405 sunnonis
1345 2353 1386 2406 mei

175 2444 297 2499 laborem
308 2446 448 2500 ditissimae
460 2446 594 2501 mercedis
607 2447 711 2500 foeuore
723 2452 939 2513 remunerantes,
950 2464 1007 2501 non
1018 2449 1109 2503 solum
1126 2465 1225 2504 eorum
1237 2467 1295 2520 qua
1309 2450 1416 2507 insuatt

175 2544 259 2598 sedet
271 2545 395 2599 omnium
409 2545 614 2610 beneficiorum,
624 2563 686 2615 quae
698 2546 726 2600 in
739 2546 845 2600 cunctis
862 2547 947 2601 totius
958 2547 1078 2602 civitatis
1090 2549 1216 2603 ecclesiis
1232 2549 1305 2612 fiunt,
1314 2549 1386 2603 mdi-

175 2642 281 2710 plicatis
293 2642 520 2699 intercessionum
532 2645 678 2714 suffragiis,
688 2644 848 2714 participem
861 2645 992 2701 fecerunt.

216 2741 249 2799 5.
271 2741 325 2794 Nec
339 2741 389 2795 isto
402 2740 522 2794 contenti
533 2741 606 2808 quod
625 2740 658 2793 ad
678 2741 777 2794 anima
788 2741 902 2795 salutem
916 2744 1040 2810 pertinet.
1052 2744 1086 2797 de
1107 2761 1163 2813 quo
1182 2747 1311 2803 Dominus
1319 2748 1383 2801 dicit:

174 2840 299 2892 Primum
325 2840 435 2906 quarite
459 2854 573 2903 regnum
598 2838 658 2902 Dei,
684 2843 708 2890 et
733 2840 825 2890 munio
850 2839 1017 2904 adjicimtur
1040 2841 1121 2905 robis,
1139 2840 1200 2910 ipsa
1216 2843 1303 2906 etiam,
1318 2843 1341 2895 id
1355 2847 1385 2894 st

174 2936 325 2990 necessaria
338 2935 468 3004 corporis,
480 2935 579 2988 addere
591 2936 755 2999 festinantes,
765 2935 875 3004 plurimi
885 2952 981 2989 eorum
990 2936 1064 3005 larga
1077 2938 1262 2994 benivolentia
1271 2941 1417 2995 instantis-tt

173 3037 241 3090 sime
254 3038 388 3106 rogabant
399 3041 429 3088 ut
441 3035 512 3103 apud
526 3052 573 3087 eos
586 3035 743 3102 perenniter
759 3052 952 3099 commorarer,
964 3037 1119 3091 necessaria
1130 3042 1254 3109 corporis
1264 3043 1385 3095 affluenter

172 3154 202 3188 se
215 3135 282 3189 mihi
295 3135 454 3203 provisuros
463 3138 488 3186 et
501 3133 527 3185 in
537 3149 637 3201 rrragno
649 3133 755 3186 honore
768 3149 812 3185 me
824 3150 917 3186 secum
926 3133 1071 3187 habituros
1083 3136 1244 3203 pollicentes
1256 3159 1263 3194 ε
1274 3146 1299 3193 et
1311 3139 1334 3194 in
1344 3141 1385 3193 boc

173 3234 329 3301 exeruplum
341 3232 453 3286 Mariani
464 3231 566 3295 Scotbi,
584 3231 795 3284 reverentissimi
808 3231 866 3294 riri,
879 3231 946 3285 mihi
961 3240 1154 3301 proponentes,
1164 3239 1213 3305 qui
1231 3239 1266 3291 ab
1277 3238 1385 3292 extremis

173 3338 251 3387 terrae
263 3332 363 3386 tinibus
376 3332 422 3385 illo
435 3330 584 3383 adveniens
601 3330 629 3382 in
647 3346 746 3399 magna
758 3331 830 3399 apud
848 3347 895 3384 eos
912 3331 998 3400 gloria
1009 3332 1068 3394 fuit,
1080 3338 1117 3397 et,
1129 3335 1204 3389 bono
1215 3337 1269 3390 iine
1280 3354 1384 3391 consum·

172 3435 271 3495 matus,
280 3431 364 3484 etiam
374 3429 401 3482 in
415 3428 513 3496 majori
523 3427 637 3480 ecclesia
648 3428 757 3496 sepeliri
769 3429 909 3482 meruerit.
919 3429 980 3493 Sed,
992 3447 1053 3483 cum
1065 3431 1093 3485 id
1102 3432 1142 3485 eis
1151 3433 1212 3487 sine
1223 3435 1327 3489 licentia
1334 3452 1385 3504 pre
1398 3438 1418 3485 u

172 3530 289 3583 latorum
308 3533 334 3581 et
347 3528 461 3581 fratrum
480 3543 605 3579 mamam
625 3542 746 3580 annuere
758 3543 813 3579 non
826 3528 965 3591 auderem,
977 3529 1115 3596 petierunt
1127 3535 1165 3594 ut,
1177 3532 1201 3585 si
1210 3533 1349 3602 quidquam
1359 3534 1386 3585 ab

130 3599 134 3611 ¹
172 3626 210 3680 eis
223 3627 306 3696 (quod
317 3627 388 3693 juste
401 3629 533 3694 peterem,
545 3630 677 3693 tanquam
693 3627 750 3694 jam
769 3625 849 3693 meis)
867 3626 936 3681 mihi
953 3627 987 3680 de
1005 3632 1097 3681 cetero
1116 3631 1210 3699 negari
1228 3632 1386 3700 uallantem

170 3742 289 3794 quoque,
302 3742 334 3778 eo
347 3726 421 3794 quod
433 3741 483 3793 pro
496 3741 547 3778 suo
560 3742 604 3777 me
617 3730 816 3793 computarent,
828 3726 854 3780 id
866 3726 941 3794 quod
952 3726 980 3780 in
993 3727 1105 3782 instanti
1116 3734 1242 3797 peterent
1253 3732 1387 3785 nullatenu

170 3827 209 3878 eis
222 3841 357 3893 negarem.
370 3824 470 3887 Aranni,
483 3825 579 3888 fatcor,
589 3828 616 3876 et
628 3824 716 3878 libens
729 3829 755 3877 et
770 3824 871 3878 invitus
881 3845 887 3878 :
899 3824 987 3878 libens
1001 3831 1115 3895 propter
1123 3827 1283 3884 instantiam
1295 3837 1320 3885 et
1327 3830 1388 3883 beni·

171 3923 319 3977 volentiam
333 3922 462 3991 ipsorum,
476 3922 576 3975 inritus
590 3927 701 3990 propter
713 3922 887 3990 asperitatem
901 3924 1014 3991 hyemis,
1027 3941 1089 3993 quae
1101 3931 1167 3981 tunc
1178 3929 1304 3984 nimbosa
1312 3936 1337 3983 et
1346 3929 1422 3999 gia-tt

169 4021 245 4076 cialis
262 4021 409 4075 imminens
422 4020 567 4074 horrorem
579 4020 647 4074 mihi
658 4037 713 4074 non
725 4021 870 4074 minimum
888 4021 1035 4092 ingerebat,
1046 4028 1075 4077 et
1085 4030 1200 4094 propter
1208 4027 1389 4097 longitudinem

168 4121 320 4175 difficillimi
333 4125 359 4173 et
369 4119 514 4189 periculosi
527 4121 632 4188 (utpote
645 4120 784 4173 montuosi
795 4124 821 4173 et
833 4120 942 4175 niuibus
954 4121 1078 4189 obnoxii)
1090 4122 1205 4189 itineris,
1217 4143 1267 4195 per
1277 4128 1347 4196 quod
1354 4145 1390 4180 nie

168 4218 395 4274 indeclinabiliter
404 4218 552 4286 repatriare
565 4220 718 4287 oportebat.
730 4219 862 4287 Inquisiri
875 4224 976 4282 tamen,
987 4220 1054 4288 quid
1071 4221 1111 4274 eis
1122 4227 1232 4279 tantum
1244 4227 1391 4280 insanum

168 4317 294 4387 placeret.
311 4318 440 4370 Volumus
452 4324 475 4369 et
487 4318 665 4381 obsecramus,
678 4316 812 4385 inquiunt,
828 4325 866 4381 ut,
882 4319 908 4371 si
925 4319 1164 4386 (quemadmodum
1181 4325 1288 4389 dicitis)
1299 4327 1393 4379 masi

167 4417 320 4469 Martinam
333 4417 458 4480 cliiiqltia,
471 4433 548 4483 quera
560 4423 584 4468 et
595 4432 644 4469 uos
656 4433 757 4478 recma,
767 4423 796 4469 ut
803 4423 953 4484 patronum
962 4424 1110 4472 ettutorem
1121 4430 1254 4487 nostram,
1263 4425 1395 4489 diligimur
1408 4424 1430 4474 ts

166 4522 191 4566 et
202 4516 337 4567 bonorare
349 4522 478 4577 uenenum,
496 4516 628 4578 volumus,
640 4516 762 4581 inquom,
773 4521 803 4568 ut
819 4522 961 4568 canturam
977 4520 1101 4584 seqareuti
1116 4519 1161 4572 die
1178 4521 1316 4575 doninica
1334 4539 1396 4575 rere

152 4643 154 4647 -
167 4615 247 4666 randi
258 4615 317 4678 ejrea
329 4615 378 4666 toti
388 4614 490 4666 sariendo
506 4615 641 4666 transitus
657 4615 734 4667 erodis
751 4615 944 4667 solemnitatem
956 4615 1100 4682 celebretis,
1112 4620 1241 4685 quonium
1253 4629 1279 4674 et
1289 4623 1397 4674 domam

166 4713 395 4780 orcldepr'acopua,
405 4713 437 4765 ob
454 4713 654 4778 irrfestntioaem
673 4713 797 4781 Philippi
814 4715 887 4780 repis
904 4713 994 4768 Rana
1009 4731 1189 4784 eonrmmuaa,
1205 4719 1303 4774 obrem
1319 4728 1363 4781 eat,
1377 4729 1398 4774 et
