3248 5392
181 327 250 399 168
517 348 642 400 ceses.
669 348 772 401 soon.
798 347 1073 402 nnmosneemc.

178 540 287 591 animas
298 553 352 591 nen
366 540 511 606 permittas
519 541 661 592 oscendere
672 541 709 593 ad
721 541 823 605 calum,
840 541 912 593 unde
927 547 958 592 tu
968 541 1100 609 saeperlein
1118 546 1173 594 tus
1178 548 1265 608 passo
1275 540 1397 609 poleda

178 640 231 689 esl
246 637 356 703 Semper
367 637 489 703 deceptor
506 639 665 690 animarum
677 639 710 691 ab
721 641 800 692 initio
811 646 841 692 tu
851 639 940 705 fuisti.
952 640 1077 693 Antistiae
1091 645 1164 703 luas,
1179 638 1290 692 Clerido
1298 637 1398 692 Domine

179 737 332 803 adjuvaute,
338 738 495 803 providebo,
507 745 531 790 ct
543 739 669 790 excellens
686 740 716 790 in
730 740 821 806 pieria
837 740 950 792 Domini
960 741 1013 792 mei
1025 738 1139 804 Gltrisli,
1149 738 1399 806 oalwwoept‘lm
1430 772 1434 779 ·

178 852 228 902 per
238 836 429 902 consessionem
446 836 618 901 luenilitatis‚
630 838 667 888 ad
678 838 755 890 coelos
766 839 947 902 conscendam,
966 838 1036 890 ecam
1053 845 1082 889 tu
1091 853 1145 904 per
1162 835 1323 905 superbiam
1336 841 1399 888 lun

179 936 305 987 cecidisti.
315 935 373 987 Hoc
384 937 449 987 scito
461 937 526 1002 quio
537 937 630 988 omnia
640 942 742 1002 parato
759 953 819 988 sum
823 953 878 1004 pro
892 936 1007 1002 Christo,
1016 937 1210 1002 Doneinonseo,
1221 934 1423 1000 mmm

180 1034 302 1086 desidero
314 1040 343 1085 ut
360 1035 480 1101 ammius
492 1034 560 1085 milei
577 1035 739 1087 blandioris.
754 1036 831 1100 Qeeod
841 1037 867 1089 si
882 1037 930 1089 lroc
946 1036 1052 1103 fueris,
1063 1035 1169 1103 lspi'lun
1183 1035 1401 1103 princspaune

179 1148 242 1184 rum
253 1133 366 1184 resistis.
384 1132 442 1198 Epo
451 1134 522 1184 euim
534 1133 610 1185 clara
629 1149 688 1185 ooce
704 1149 795 1186 coram
812 1135 886 1186 omni
901 1135 1000 1201 populo
1011 1134 1196 1186 cltristianane
1212 1149 1256 1186 me
1265 1148 1322 1186 esse
1335 1132 1402 1199 anfi·

180 1330 253 1396 quod
261 1336 337 1394 amet,
349 1337 373 1382 et
389 1331 534 1396 conjtcpota
546 1331 617 1397 quod
625 1330 754 1394 imitetur,
764 1332 916 1384 adolescens
924 1332 1005 1399 etqui
1016 1338 1183 1399 contemplor
1199 1336 1240 1385 est
1248 1330 1317 1400 quid
1325 1329 1403 1383 ernis

180 1434 244 1481 scat.
254 1427 463 1481 Demoniaoero
475 1444 532 1495 qus
545 1429 619 1493 colis,
631 1445 662 1481 ac
679 1431 705 1481 si
713 1446 784 1481 oano
792 1430 942 1483 simulacra
950 1432 1075 1499 despicio.
1090 1431 1186 1498 Turpe
1197 1437 1238 1485 est
1246 1431 1320 1484 eain
1326 1428 1403 1483 les·
1413 1424 1435 1477 ll

181 1533 365 1592 corruptorem
374 1527 499 1592 adorare,
512 1527 641 1589 Dianam,
654 1535 757 1594 apreste
765 1529 876 1590 animal,
890 1529 977 1582 Deum
989 1530 1083 1583 dicere.
1094 1529 1170 1595 Quid
1177 1527 1404 1595 Nanctum

182 1626 293 1676 narium
311 1626 452 1676 nominare
460 1625 570 1678 delecter
583 1628 598 1677 i
616 1626 737 1690 Quorum
749 1628 775 1678 si
791 1627 881 1680 vellem
893 1634 953 1680 acta
964 1628 1136 1695 sinpulorncm
1147 1642 1294 1696 σηοω,
1308 1626 1405 1695 ωοίμ·

182 1723 346 1776 erubescetis.
364 1723 430 1776 Vide
446 1740 508 1789 erpo
526 1741 559 1776 ne
570 1725 640 1776 ntilti
652 1741 761 1792 parcas,
781 1727 837 1778 cide
857 1741 889 1778 ne
906 1727 1124 1779 misericordiam
1140 1727 1249 1793 falsam
1264 1727 1403 1795 provilla

183 1823 311 1889 Adjunpe
321 1829 453 1874 tormenta
461 1825 600 1876 tormentis
604 1842 616 1888 ;
624 1841 719 1877 earnes
728 1841 804 1897 meas¹
812 1841 882 1893 quas
889 1826 1012 1878 seculum
1023 1826 1318 1890 nutrioiwleretina.
1327 1825 1403 1879 aas·

182 1922 299 1974 nitidam
318 1928 342 1973 et
362 1922 463 1973 cultum
484 1923 623 1988 placidum
642 1940 719 1990 quem
740 1926 770 1975 in
790 1940 831 1976 me
851 1926 974 1990 miraris,
994 1926 1047 1978 cito
1065 1925 1200 1991 horrebis,
1218 1932 1244 1978 et
1264 1920 1435 1978 small

184 2023 284 2075 uultum
301 2022 418 2075 hominis
439 2024 468 2073 in
489 2024 584 2075 melius
600 2022 861 2078 tnnmaots.Proeses
873 2022 1030 2078 dixil:Non
1038 2030 1093 2077 tam
1110 2025 1163 2078 cito
1183 2024 1312 2078 domm
1325 2024 1403 2085 usui.

183 2140 229 2175 nec
248 2124 362 2175 celerius
381 2125 541 2190 exasperari
556 2124 688 2175 adsersus
706 2124 826 2191 puellam
845 2123 980 2176 verbosam
1004 2129 1028 2175 et
1040 2123 1289 2190 praesumptricem.
1312 2121 1401 2176 m

181 2239 244 2288 pere
258 2223 355 2275 assolet
371 2229 401 2274 ut
418 2222 467 2273 ubi
483 2228 521 2273 est
538 2222 656 2285 libertas,
668 2222 707 2274 ibi
718 2222 843 2276 adcemed
853 2223 972 2287 facultas
982 2237 1034 2289 quo
1042 2221 1403 2289 ismannindisciplim

184 2322 349 2389 respondeat.
372 2322 449 2386 Quod
465 2322 491 2373 si
506 2321 576 2385 forte
592 2321 754 2388 patientiam
767 2328 888 2373 nostram
903 2321 1079 2374 considerans
1094 2321 1133 2372 od
1148 2321 1299 2373 consuiant
1313 2318 1403 2372 istm

183 2437 290 2475 reversa
301 2422 395 2486 fuerit,
407 2421 545 2484 soloetur;
556 2427 579 2471 et
598 2427 662 2471 lum
668 2421 785 2487 placebit
802 2421 877 2473 nolis
888 2421 960 2488 quod
976 2436 1049 2472 nunc
1065 2435 1120 2473 non
1135 2421 1350 2473 meminentes
1362 2413 1434 2471 tna!

184 2521 306 2588 corporis
318 2521 404 2572 decus.
417 2518 517 2571 Sancta
527 2517 684 2571 Theodosia
701 2517 860 2586 respondit:
878 2518 944 2571 Vere
960 2518 1100 2571 lominum
1117 2519 1242 2571 omnium
1262 2517 1369 2571 dmm
1379 2520 1403 2566 ts

185 2636 220 2685 es,
232 2621 281 2688 qui
289 2621 408 2685 putrida
416 2620 509 2672 carreis
520 2619 638 2671 decorem
651 2620 766 2672 miraris
776 2626 800 2671 et
812 2619 879 2686 quid
891 2620 965 2670 intra
976 2619 1047 2671 liunc
1062 2619 1197 2684 parietem
1209 2617 1329 2671 nitidus·
1339 2614 1403 2669 culi

185 2725 284 2771 necetur
295 2734 347 2770 non
365 2719 529 2771 condideras.
547 2719 619 2786 quod
637 2721 664 2769 iu
678 2734 706 2770 co
721 2718 847 2785 plilepma
859 2719 898 2770 oel
908 2724 993 2770 cetera
1003 2718 1101 2783 satida
1113 2717 1245 2769 cleonem
1268 2717 1355 2779 latmi,
1368 2730 1403 2767 nec

185 2819 320 2870 horrescis
332 2819 463 2884 quidplus
482 2819 626 2884 expediant
644 2824 731 2869 tacere
747 2834 829 2884 quam
846 2833 983 2884 exposcere,
1001 2818 1068 2884 quia
1087 2822 1118 2868 tu
1137 2816 1286 2869 interioris
1304 2814 1404 2869 lerninis

185 2917 413 2985 pulchritudinem
425 2934 476 2968 non
495 2919 625 2984 opnoseis.
638 2918 716 2982 cujus
725 2918 787 2969 laus
796 2934 829 2969 ex
840 2917 896 2969 Deo
908 2924 952 2978 est,
962 2932 1015 2968 non
1032 2932 1065 2968 es
1073 2916 1237 2968 hominibus.
1248 2915 1321 2968 Nam
1331 2913 1404 2967 auu
1414 2904 1436 2955 ὓ

186 3024 210 3068 el
218 3031 285 3069 roso
292 3022 408 3082 tempore
419 3032 468 3067 suo
479 3031 539 3067 omn
544 3017 603 3066 ibus
614 3017 736 3082 speciose
743 3017 875 3076 sidentur,
890 3016 1040 3067 sicccedente
1051 3021 1140 3066 autem
1149 3021 1271 3082 tempore
1279 3018 1405 3067 nemu:

186 3117 257 3167 sicet
264 3115 439 3180 pulchritudo
451 3115 573 3180 corporis
581 3120 629 3165 acet
640 3114 796 3178 infirmitate
804 3115 991 3180 corrumpitur
999 3119 1046 3164 out
1057 3119 1188 3165 senatuis
1207 3112 1322 3166 dedecor
1336 3110 1405 3176 effici·

185 3220 233 3264 tur
242 3220 265 3265 et
277 3214 383 3266 vilescit.
396 3211 470 3265 Dixit
483 3211 610 3265 Urbanus
619 3227 719 3279 praeses
732 3230 738 3263 :
750 3212 832 3265 Doleo
842 3228 894 3278 pro
902 3211 1118 3278 te,puella‚quod
1128 3212 1168 3263 sic
1179 3211 1297 3263 lanecim
1306 3209 1406 3276 sertim

187 3314 224 3364 nd
232 3319 350 3365 mortem.
364 3312 422 3365 Cito
431 3314 472 3364 ris
483 3313 637 3364 carereoila
648 3318 695 3363 tua
708 3326 789 3378 quam
798 3312 849 3363 alii
860 3310 914 3362 sili
924 3311 1066 3375 lonpeeoam
1084 3310 1225 3376 adoptant.
1246 3308 1324 3362 Audi
1338 3308 1407 3359 inne

187 3414 329 3466 consilium
341 3420 472 3477 reostrum,
481 3419 505 3464 et
513 3414 598 3465 teletis
606 3419 657 3463 tus
667 3413 706 3463 ccl
718 3413 813 3462 merciis
824 3426 953 3476 correpusce
961 3410 1185 3476 presumptivam
1196 3410 1350 3462 audaciam
1361 3400 1441 3459 lull

186 3518 210 3562 te
218 3513 304 3562 ninere
315 3517 445 3576 opacatus.
461 3511 562 3562 Uelleus
573 3517 611 3562 est
622 3510 690 3561 milii
698 3510 774 3574 filius
784 3527 793 3561 .·
802 3515 855 3561 esto
867 3514 890 3560 el
902 3508 970 3559 milri
985 3509 1066 3559 unica
1076 3507 1145 3572 tilia.
1163 3507 1228 3559 Ideo
1246 3514 1336 3559 ouum
1345 3506 1409 3571 inju-

186 3611 246 3661 rias
257 3626 275 3660 a
287 3616 311 3661 te
321 3611 458 3674 irropatas
462 3611 599 3676 patienter
605 3610 731 3672 ferituris,
743 3609 941 3659 considerantes
948 3614 1043 3659 lencm
1050 3607 1136 3659 stetis
1152 3613 1206 3658 tuse
1216 3605 1327 3659 Mam
1336 3606 1409 3659 scien¹

186 3711 260 3761 lianc.
270 3710 312 3760 Ila
323 3716 345 3760 et
353 3725 401 3761 nos
412 3710 535 3761 rolecnrus
544 3715 572 3759 ut
582 3715 605 3760 et
616 3714 645 3760 tu
657 3709 757 3759 audias
767 3723 822 3771 nos,
833 3714 860 3758 ut
873 3707 986 3758 salutem
995 3706 1179 3773 contemnaris,
1188 3705 1350 3759 honorando
1357 3704 1410 3756 dau

186 3815 209 3860 et
223 3810 364 3876 principes
376 3815 399 3860 et
408 3808 505 3860 metibi
514 3809 668 3875 adoptando
680 3813 795 3874 patrem.

228 3904 262 3962 6.
286 3904 385 3958 Sancta
398 3903 557 3957 Theodosia
569 3902 724 3970 respondit:
737 3905 799 3968 Qua
807 3920 824 3955 a
832 3910 856 3955 te
868 3904 939 3955 dieto
949 3909 1020 3967 sunt,
1029 3902 1132 3964 audiui,
1141 3917 1253 3968 praees,
1265 3910 1289 3955 et
1296 3904 1412 3970 pianum
1425 3895 1447 3944 ὅ

188 4022 269 4072 quom
277 4005 414 4072 prornittis
425 4005 497 4055 circa
507 4018 547 4053 me
559 4001 689 4064 exhibere,
697 4002 841 4069 perpendo.
851 4000 904 4053 Sed
913 4006 1044 4068 quaedum
1055 3999 1129 4052 solis
1143 4000 1253 4053 videtur
1269 3992 1339 4052 boeto
1349 3998 1413 4050 utili·

186 4113 230 4158 tas
241 4106 296 4156 ista
304 4106 362 4156 rite
367 4103 519 4170 presentis,
526 4103 623 4154 centies
631 4107 736 4153 lant-um
745 4107 769 4153 ei
776 4101 896 4168 auiplius
903 4100 1043 4152 contraria
1052 4099 1183 4152 estsaluti
1192 4105 1305 4152 alem
1319 4098 1414 4153 Undis

187 4203 359 4270 tupotienter
370 4202 438 4253 audi
448 4215 506 4267 qnia
517 4217 533 4251 a
545 4217 586 4251 me
597 4200 647 4251 tibi
657 4200 787 4251 dicuntur
798 4205 828 4263 et,
840 4199 921 4266 quasi
937 4198 1014 4249 rutilis
1025 4203 1112 4250 rector
1121 4197 1273 4263 provincis
1285 4197 1325 4249 oel
1333 4196 1416 4263 jadex

187 4301 330 4354 uerborum
340 4315 467 4359 meorum,
480 4298 654 4350 discernendo
664 4314 748 4364 pensa
757 4300 896 4349 rationem.
913 4296 973 4349 Non
983 4297 1054 4348 enim
1069 4296 1186 4348 otiosum
1198 4295 1336 4348 ridebitur
1352 4292 1416 4364 psol

184 4416 316 4467 propono.
330 4400 381 4451 Dic
393 4415 456 4464 erpo
465 4398 519 4448 nith
524 4399 540 4461 i,
546 4413 646 4465 pruses
657 4415 666 4447 :
676 4397 770 4449 coelum
779 4403 802 4448 et
810 4403 912 4448 terram
924 4402 949 4448 el
965 4411 1067 4448 munem
1079 4400 1208 4446 molum
1219 4410 1323 4455 eorum,
1333 4393 1417 4446 naas
1429 4389 1449 4442 ll

189 4505 212 4551 ct
220 4499 336 4564 flumina
347 4505 370 4550 et
379 4498 470 4550 omnia
483 4512 540 4563 qua
552 4498 577 4547 in
587 4493 964 4562 cissantquisfecithraescs
973 4491 1055 4545 dixit:
1064 4494 1145 4545 Deus.
1154 4491 1260 4546 Sancta
1267 4488 1416 4546 Theodosii

189 4596 258 4650 dixit
270 4615 276 4648 ε
290 4599 469 4663 Qualisdeus‚
479 4597 639 4648 risibilisan
649 4595 818 4647 invisibilis?
828 4591 932 4646 Praeses
943 4591 1012 4646 dixit
1022 4610 1029 4644 :
1041 4592 1202 4645 Invisibilis.
1214 4590 1318 4646 Sancta
1334 4590 1417 4645 nee

190 4695 267 4750 dosia
276 4695 356 4750 dixit:
368 4698 450 4762 Quem¹
463 4696 622 4748 invisibilem
630 4694 772 4759 confiteris,
779 4692 1052 4762 incomprehensibilis
1061 4698 1098 4746 est
1107 4707 1142 4744 ou
1155 4691 1417 4758 comprehensibilis?
