3142 5392
174 290 245 365 558
512 311 637 363 aaran.
664 311 768 363 conn.
794 309 1075 364 aaarocnaemc.

175 504 244 557 tium
263 503 471 571 malignitatem,
483 501 673 556 extollentium
687 517 770 570 super
782 517 833 555 nos
851 506 933 569 caput
945 507 973 556 et
985 502 1140 558 dicentium
1154 524 1161 557 :
1175 506 1263 559 t'mor
1272 517 1294 561 et
1303 510 1378 577 dispo

175 605 273 656 duratus
289 620 332 655 eos
344 605 376 655 rte
390 611 474 668 perite,
486 610 509 655 et
529 620 581 654 iton
596 609 757 654 memoretur
770 618 864 654 nomen
880 619 973 655 eorum
987 605 1071 669 ultra,
1091 608 1119 656 et
1128 608 1313 660 testamentum
1326 610 1381 676 quod

175 707 271 755 contra
292 718 342 754 nos
363 702 564 768 disposuerant,
586 700 643 753 Deo
664 700 746 752 dante
768 700 935 758 facultatem.
953 701 1106 756 efficaciter
1123 704 1321 773 complentium
1334 708 1382 761 dun

176 802 267 854 locum
278 806 402 854 nostrum
416 815 527 869 prorsus
539 799 702 859 desolarunt,
716 804 743 851 et
754 800 932 853 incenderent
941 802 1135 856 sanctuarium
1145 803 1196 856 Dei
1205 810 1232 858 et
1244 803 1334 859 interea
1342 807 1385 873 pol

176 901 283 954 luerent
295 899 501 953 tabernaculum
512 897 631 951 nominis
643 896 875 964 ajustouomodo
885 914 939 952 non
950 899 1142 968 ingemiscam.
1152 900 1408 964 audieusetintuenst

177 1000 251 1069 quod
273 998 337 1052 sacti
357 1013 453 1051 sumus
471 996 649 1065 opprobrium
668 995 764 1049 vicinis
780 996 888 1061 nostris,
907 997 1087 1052 subsannatio
1107 1005 1136 1053 et
1154 999 1244 1053 illusio
1262 1001 1302 1054 bis
1316 1001 1389 1070 quiin

179 1100 293 1153 circuitu
305 1103 400 1152 nostro
411 1103 483 1158 sunt,
497 1097 672 1151 irridentibus
681 1114 732 1150 nos
743 1097 871 1150 hostibus
883 1098 990 1161 nostris,
1000 1098 1048 1166 qui
1058 1098 1188 1153 exultant
1197 1100 1225 1154 in
1234 1100 1391 1155 destruction

180 1206 275 1254 nostra
287 1203 314 1251 et
327 1199 436 1251 dicunt:
455 1199 606 1264 Dereliquit
623 1215 666 1250 eoa
683 1198 757 1250 Deua
774 1214 866 1249 eorum
876 1200 890 1250 t'
901 1195 1049 1264 Quomodo
1069 1198 1098 1250 in
1117 1199 1203 1253 eorde
1214 1216 1276 1254 meo
1287 1201 1390 1268 gaudi·

181 1298 292 1367 aliquod
305 1297 429 1357 resideat,
440 1297 505 1349 dum
518 1296 641 1364 quotidie
650 1295 792 1350 obtutibus
805 1295 873 1349 meis
882 1295 1014 1365 ingeritur
1022 1297 1134 1351 exustio
1145 1304 1173 1352 ct
1182 1298 1312 1354 desolatio
1320 1300 1393 1353 matris

183 1415 260 1461 mee,
272 1395 476 1449 Gemblacensis
489 1395 617 1447 ecclesia.
631 1410 691 1461 quae
709 1394 792 1447 mein
811 1394 980 1449 monachatu
996 1397 1102 1464 genuit,
1112 1402 1149 1455 ct.
1158 1403 1188 1450 ut
1207 1397 1245 1450 ita
1262 1398 1352 1452 dictura
1361 1397 1393 1453 sit.
1404 1412 1424 1459 tt

183 1496 327 1552 infantiam
341 1494 528 1549 conversionis
538 1510 606 1546 meae
618 1493 694 1546 molli
706 1493 810 1562 gremio
823 1495 967 1557 continuit,
976 1495 1129 1558 lovitsinu,
1137 1497 1270 1552 uberibus
1278 1496 1394 1567 auitam

183 1594 251 1648 texit
260 1593 317 1652 alis.
331 1590 402 1644 ulnis
413 1591 529 1659 gestavit
542 1595 569 1643 et
581 1591 609 1642 iu
622 1590 693 1642 hanc
706 1590 834 1658 produxit
846 1592 976 1644 aetatem‘?
988 1590 1140 1658 Quomodo
1152 1593 1322 1663 aliquatenus
1336 1594 1395 1648 exul·

185 1698 249 1751 tem.
271 1709 334 1746 curn
356 1708 416 1744 eam
438 1690 591 1757 plorantem
613 1694 640 1742 et
660 1689 786 1742 lacrimas
807 1689 834 1743 in
855 1689 973 1743 maxillis
994 1692 1054 1759 eius
1077 1692 1199 1755 rideam.
1221 1709 1271 1748 nee
1290 1710 1343 1748 esse
1360 1694 1396 1762 qui

184 1792 342 1846 consoletur
351 1807 411 1843 eam
422 1806 455 1843 ex
468 1788 597 1841 omnibus
610 1789 680 1840 caris
691 1789 759 1856 ejus,
771 1804 860 1856 neque
868 1805 900 1842 ex
910 1789 1048 1843 universis
1056 1806 1131 1858 quos
1143 1791 1249 1860 peperit
1258 1798 1284 1847 et
1292 1791 1398 1847 enubirit

185 1906 354 1959 quemquam
364 1887 555 1949 subvenirent
565 1886 875 1955 apprehendatmanuna
885 1887 986 1954 ejus,et
997 1893 1167 1955 prostratam
1177 1896 1293 1946 conetur
1299 1891 1399 1961 er'geui
1409 1904 1428 1953 rt

186 1988 258 2051 Quid
281 1988 390 2046 mirum.
404 1987 426 2039 si
444 1987 560 2055 lugeam,
571 2002 633 2039 cum
652 1985 811 2039 reminiscor
827 1985 959 2053 quoniam
977 1987 1083 2054 pridem
1104 1989 1264 2045 celebrante
1280 1990 1399 2060 preclara

189 2089 352 2142 testivitates
364 2104 428 2141 suas
441 2088 468 2140 in
482 2103 548 2139 voce
556 2085 727 2152 iubilationis
738 2091 765 2139 et
777 2086 963 2151 confessionis,
976 2094 1004 2142 et
1015 2089 1074 2142 dies
1087 2091 1231 2146 solemnes
1243 2092 1400 2146 constituente

188 2189 215 2242 iu
225 2187 370 2242 condensis
383 2202 469 2254 usque
478 2186 514 2239 ad
523 2201 607 2238 cornu
618 2185 719 2245 altaris.
732 2201 804 2239 nuuc
814 2187 955 2253 inspiciam
969 2187 1043 2257 ipsas
1052 2189 1114 2257 ejus
1127 2190 1187 2243 rias
1196 2190 1294 2260 lugere,
1305 2190 1400 2259 eoquod

188 2288 290 2342 nonsit
305 2287 352 2355 qui
371 2285 462 2338 veniat
479 2284 513 2337 ad
526 2283 743 2339 solemnitatem:
762 2289 789 2337 et
803 2284 849 2337 ubi
862 2290 953 2353 patres
965 2287 1051 2341 nostri
1070 2288 1259 2344 laudaverunt
1274 2290 1360 2349 Deum.
1373 2289 1401 2342 ibi

189 2388 314 2457 planctus
326 2402 374 2455 pro
387 2391 468 2438 cantu
481 2382 627 2436 audiatur?
648 2382 736 2436 lmrno
749 2385 858 2446 mirum,
870 2385 892 2438 si
906 2400 962 2438 non
974 2386 1056 2439 toties
1074 2393 1230 2443 renovetur
1247 2389 1322 2443 dolor
1335 2398 1431 2449 mens!

189 2487 296 2557 quoties
313 2484 453 2553 perpendo
472 2488 573 2544 intente,
585 2488 615 2535 ut
627 2482 718 2536 verbis
730 2482 893 2536 miserorum
907 2483 934 2537 iu
945 2484 1057 2539 miseria
1070 2492 1167 2540 nostra
1186 2494 1257 2549 utar.
1273 2489 1342 2557 quod
1356 2504 1402 2543 san·

140 2629 146 2640 .
189 2585 318 2640 ctificatio
330 2586 390 2652 ejus
402 2583 525 2637 desolata
538 2585 573 2635 sit
590 2583 660 2636 sicut
671 2582 797 2645 solitudo,
810 2582 869 2653 alies
881 2582 942 2637 testi
960 2584 1019 2651 ejus
1035 2586 1164 2639 conversi
1178 2586 1235 2640 sint
1244 2590 1257 2615 ⁸
1270 2589 1297 2641 in
1313 2588 1402 2641 luctum

190 2687 305 2740 sabbata
315 2686 343 2738 in
354 2683 540 2752 opprobrium.
550 2682 670 2735 bonores
683 2681 709 2734 in
722 2680 847 2745 nibilum,
857 2682 986 2751 quodque
998 2685 1152 2739 secundum
1162 2685 1278 2755 gloriam
1290 2687 1344 2754 ejus
1352 2683 1402 2738 mul·

191 2786 311 2855 tiplicata
321 2785 357 2837 sit
370 2783 520 2851 ignominia
532 2783 608 2849 ejus?
621 2780 766 2847 Quomodo
778 2797 834 2834 non
852 2782 880 2834 iu
898 2782 1078 2837 meditatione
1098 2802 1163 2838 mea
1182 2787 1337 2840 exardescat
1352 2784 1403 2853 gub

191 2885 300 2947 doloris
313 2901 374 2937 curn
389 2883 495 2935 videam
510 2880 639 2934 cecidisse
651 2896 781 2934 coronam
791 2881 886 2950 capitis
899 2882 992 2945 nostri,
1005 2887 1032 2936 et
1044 2883 1163 2938 chorum
1178 2892 1302 2939 nostrum
1314 2893 1431 2940 rennuit

191 3002 251 3038 esse
261 2986 290 3038 in
301 2985 404 3037 luctum
418 2987 445 3035 et
456 2982 549 3034 clausa
562 2996 609 3033 ora
622 2979 790 3032 laudantium
806 2979 961 3047 Dominum,
970 2987 997 3035 et
1009 2999 1041 3035 os
1052 2983 1229 3053 loquentium
1243 2985 1331 3054 iniqua
1341 2998 1403 3053 super

192 3102 242 3139 nos
252 3085 394 3138 dilatatum
403 3080 570 3148 ‘tQuomodo
581 3095 635 3132 non
646 3081 747 3133 amaris
756 3080 919 3148 singultibus
929 3082 1071 3136 concutiar
1080 3087 1109 3136 et
1118 3084 1176 3137 alta
1185 3085 1295 3139 traham
1304 3083 1403 3153 suspirie

192 3184 368 3238 considerans
380 3182 454 3249 quod
468 3179 615 3247 reppulerit
624 3180 695 3232 Deus
708 3179 793 3232 altare
805 3196 885 3234 suurn
899 3186 926 3232 et
939 3180 1002 3235 iacti
1015 3181 1090 3236 siut*
1099 3184 1197 3237 hostes
1210 3184 1239 3238 in
1250 3181 1403 3254 capite‚credi

115 3285 136 3340 .'
160 3326 166 3338 .
193 3285 298 3352 busque
311 3288 338 3335 et
350 3285 362 3312 *
376 3280 530 3334 homicidiis
541 3295 595 3331 non
608 3277 697 3331 solum
710 3278 787 3342 atria,
800 3279 847 3330 sed
858 3284 885 3332 et
894 3279 1044 3347 penetralia
1056 3280 1153 3350 templi
1171 3282 1284 3336 Domini
1296 3280 1404 3336 contami

193 3382 336 3437 paverint?
345 3379 463 3434 Proinde
475 3378 536 3446 quis
547 3377 592 3430 det
604 3377 687 3444 capiti
697 3393 768 3430 meo.
778 3392 834 3430 non
846 3393 955 3446 aquam,
964 3379 1011 3432 sed
1023 3395 1110 3447 aquas
1124 3380 1236 3441 multas.
1244 3387 1274 3435 ut
1282 3381 1434 3438 divisionestt

193 3500 327 3552 aquarum
340 3481 477 3535 deducant
489 3478 560 3532 oculi
580 3477 656 3530 mei?
675 3483 705 3531 ut
722 3478 829 3546 lugeam
842 3495 905 3532 mea
918 3479 1034 3547 propria,
1053 3480 1162 3549 lugeam
1182 3488 1212 3535 et
1229 3487 1337 3550 peccata
1352 3495 1405 3534 con·

193 3584 295 3643 ricuniri,
314 3582 414 3650 quibus
435 3581 504 3633 iram
525 3579 684 3641 meruimus,
703 3583 813 3646 propter
831 3595 892 3646 quae
910 3585 937 3632 et
954 3579 1144 3645 Nabuzardan‚
1165 3582 1283 3651 principi
1302 3592 1406 3635 cocoruu

193 3684 263 3752 regis
275 3682 441 3750 Babyloniae,
454 3681 518 3732 data
527 3685 567 3732 est
580 3684 701 3747 potestas
713 3684 743 3732 ut
756 3678 938 3747 praecipitaret
949 3680 1051 3733 muenia
1063 3686 1168 3746 nostra,
1183 3682 1334 3736 destrueret
1343 3677 1407 3734 redd

193 3783 235 3835 cia
252 3798 308 3835 nou
321 3781 410 3834 solum
424 3779 559 3832 exteriora
578 3778 605 3831 iu
618 3778 775 3846 parietibus
793 3778 839 3830 sed
859 3784 886 3831 et
906 3779 1036 3832 interiora
1054 3779 1081 3833 in
1098 3781 1239 3846 cordibus,
1256 3781 1408 3846 mitteretque

194 3899 306 3936 manum
321 3881 355 3934 ad
365 3879 458 3934 omniu
468 3878 659 3931 desiderabilia
671 3883 773 3940 nostra,
783 3878 910 3932 auterens
924 3878 1079 3932 divitiarum
1093 3880 1298 3950 superlectilem
1311 3885 1336 3934 et
1347 3878 1439 3933 virtuti

28 3986 41 4017 *
53 3985 110 4040 cod.
194 3984 455 4048 commoneamus
464 3978 693 4047 pulchritudinem
701 3998 706 4039 ;
715 3978 823 4046 lugeam
832 3978 1011 4032 nihilominus
1019 3995 1114 4033 revera
1125 3986 1152 4034 et
1158 3981 1336 4051 corporaliter
1342 3976 1409 4048 etspi·

10 4053 109 4106 virtum
122 4049 136 4102 ’Β
195 4082 329 4136 ritualiter
340 4081 505 4139 interlectos,
516 4078 667 4146 captivatos
685 4083 712 4131 ct
729 4078 873 4131 distractos
891 4078 985 4146 populi
1003 4079 1072 4143 mci;
1091 4085 1127 4143 et,
1145 4085 1177 4134 ut
1195 4082 1272 4137 brevi
1288 4083 1410 4136 innumere

196 4180 436 4250 comprehendam,
444 4178 552 4246 lugeam
563 4178 590 4230 in
599 4178 784 4231 destructione
797 4177 915 4231 abbatiae
925 4182 1025 4232 nostre
1035 4179 1169 4248 quidquid
1180 4181 1238 4235 lere
1250 4181 1411 4250 predixerant

196 4289 223 4336 et
238 4280 335 4336 minati
353 4284 417 4333 sunt
428 4279 568 4347 propheta
589 4294 671 4346 super
691 4279 792 4341 tuturo,
813 4277 971 4346 planxitque
991 4277 1145 4332 Hieremias
1163 4296 1247 4349 snper
1260 4282 1330 4335 tacto
1346 4278 1411 4349 priori

102 4423 112 4458 Ι.
197 4380 359 4437 exterminio
372 4378 565 4432 *Hierusalem
575 4383 601 4431 et
611 4377 886 4446 Juneae,etquiuquid
897 4377 1068 4432 lacrimando
1080 4380 1209 4447 praedixit
1221 4381 1441 4448 Christussupertt

149 4488 154 4500 “
197 4481 330 4542 secundm
344 4495 461 4548 quorum
474 4479 590 4531 alterum
603 4476 756 4546 Babylonii,
768 4477 885 4531 alterurn
899 4477 1022 4531 iecerunt
1039 4478 1168 4533 Romani.
1188 4480 1263 4547 Quid
1274 4484 1354 4534 restat
1362 4480 1413 4546 jan

197 4583 248 4636 nisi
261 4587 292 4635 ut
304 4581 412 4634 deficiat
425 4580 451 4632 in
470 4578 563 4632 dolore
582 4578 638 4631 vita
650 4595 712 4631 mea
725 4583 752 4631 et
764 4578 829 4632 anni
848 4578 903 4631 mei
915 4578 943 4632 in
956 4578 1112 4647 gemitibus,
1122 4596 1205 4649 super
1216 4580 1414 4635 consideratione

198 4688 335 4738 tantarum
348 4679 541 4734 miseriarum?
554 4679 627 4732 Heu!
641 4679 675 4731 ad
685 4684 816 4747 quantam
828 4678 1011 4732 calamitatem
1025 4679 1144 4733 deducta
1153 4686 1198 4734 est
1211 4683 1268 4736 rita
1277 4682 1347 4737 mea!
1359 4680 1413 4734 Pro·
