3142 5392
285 334 357 406 342
623 354 748 404 caran.
775 354 879 407 coon.
905 354 1186 409 naoroomrnrc.

286 544 338 597 viri
347 545 415 597 odor
426 544 503 597 mirac
512 545 655 598 suavitatis
666 549 693 597 et
702 542 788 612 gratia
796 544 953 607 sanitatum,
966 546 1004 598 ita
1015 552 1046 598 ut
1058 546 1138 601 multi
1150 563 1167 600 a
1180 547 1240 602 suis
1254 547 1472 619 languoribuscrn·

285 649 388 697 rentur.

326 742 360 799 4.
381 743 432 797 His
448 743 488 796 ita
505 743 595 811 gestis
612 742 705 795 amissi
723 743 810 796 sancti
827 742 912 811 patris
920 742 1000 797 dolor
1012 743 1194 798 colonienses
1206 750 1236 799 et
1246 745 1476 815 Tungrensesdedie

286 844 314 895 in
327 842 399 895 diem
411 840 601 894 vehementius
610 838 756 906 affligebat,
768 839 837 891 adeo
849 843 880 892 ui
889 844 969 908 rupto
981 838 1083 893 loedere
1094 841 1171 908 quod
1183 857 1234 895 eos
1242 841 1478 911 alligaveratabanti

287 957 351 1009 quo,
364 945 555 993 extraneorum
569 955 598 991 se
616 937 743 991 amicitiis
760 942 787 991 et
804 937 914 991 auxiliis
930 937 1092 1006 copularent
1108 945 1138 992 et
1152 940 1217 993 loca
1230 942 1323 995 media
1339 943 1365 996 in
1379 944 1502 1012 prudrett

287 1039 476 1091 devastatione
488 1038 615 1105 perirent.
625 1037 712 1104 Super
723 1053 779 1105 quo
790 1040 908 1089 tractatu
926 1036 1023 1090 habito
1035 1036 1168 1106 diligenti,
1186 1038 1262 1093 sicut
1276 1040 1390 1095 Domino
1404 1042 1484 1111 pheri,

288 1135 350 1188 talis
361 1134 432 1189 inter
443 1136 493 1188 hus
506 1134 629 1187 civitates
638 1133 785 1186 conventio
794 1132 942 1187 turbationi
952 1134 1035 1186 linem
1048 1133 1189 1202 imposuit,
1202 1139 1236 1189 nt
1247 1141 1358 1190 sanctus
1368 1138 1409 1191 ille
1417 1140 1486 1206 predi·

287 1241 348 1289 ctus
357 1235 429 1288 beati
442 1234 515 1287 Petri
524 1233 653 1303 principis
661 1233 849 1302 apostolorum
866 1233 981 1286 baculus
995 1233 1165 1287 divideretur
1176 1239 1207 1287 et
1224 1239 1332 1303 partem
1344 1238 1489 1306 superiorem

287 1350 349 1403 quae
367 1333 555 1387 manuteneri
575 1332 724 1395 consuevit,
746 1331 923 1385 Colonienses
944 1332 1105 1401 acciperent,
1126 1332 1316 1388 Treverenses
1331 1352 1394 1389 vero
1412 1337 1491 1406 vium

288 1433 378 1487 baculi
391 1433 523 1502 integram
535 1433 691 1485 retinerent.
703 1431 771 1485 Cum
784 1435 876 1484 autem
889 1430 1061 1500 Tungrenses
1077 1431 1164 1500 ipsius
1182 1432 1277 1488 lraculi
1295 1433 1392 1488 saltem
1399 1435 1494 1507 aliquan
1505 1418 1529 1499 tt,

288 1538 394 1600 partem
404 1532 587 1601 supplicarent
598 1531 650 1585 sibi
663 1531 730 1597 dari,
742 1547 793 1584 nec
809 1531 844 1584 ad
861 1532 915 1584 hoc
926 1530 1109 1585 Trevereuses
1119 1537 1238 1600 possent
1249 1532 1352 1599 induci,
1364 1535 1397 1589 de
1407 1536 1498 1591 corallo

289 1631 464 1699 prudentium
482 1631 520 1684 ita
537 1631 651 1699 provide
669 1630 827 1684 ordinatum
844 1629 905 1696 luit,
917 1633 948 1683 ut
964 1629 1171 1699 Tungrensibus
1188 1632 1307 1688 daretur
1323 1636 1397 1692 beati
1411 1636 1502 1691 llatemi

289 1730 411 1794 baculus,
422 1747 477 1799 quo
496 1731 554 1798 ipse
562 1731 601 1784 uti
615 1736 796 1784 consueverat
807 1729 835 1783 in
847 1730 939 1783 officio
951 1730 1088 1798 pastorali.
1100 1731 1254 1799 Acceptum
1264 1733 1505 1807 babueruntetrrr·

289 1835 346 1882 tam
369 1830 559 1897 praedictarum
586 1830 728 1884 civitatum
752 1828 882 1898 praesules
901 1834 929 1882 ei
949 1834 1067 1882 rectores
1088 1829 1301 1887 ordinationem
1323 1834 1419 1899 istam3
1436 1842 1462 1891 et
1481 1836 1509 1891 ad

288 1928 409 1996 pristiam
421 1929 574 1983 dilectionis
585 1929 687 1983 ioedera
699 1930 853 1993 redeuntes,
866 1928 912 1981 illa
923 1928 1003 1982 novis
1019 1926 1237 1997 obligationibus
1252 1936 1282 1986 et
1301 1936 1421 1991 nexibus
1431 1938 1545 1995 caah-tt

289 2030 358 2082 utari
368 2033 529 2083 statuerunt.
542 2030 575 2082 Et
586 2030 624 2082 ita
633 2030 736 2083 iactum
749 2032 799 2082 cst.

330 2126 364 2182 5.
386 2124 461 2181 Sedit
481 2130 574 2178 autem
600 2125 697 2178 beatus
719 2124 858 2177 Maternus
879 2124 907 2176 in
935 2124 1094 2194 episcopatu
1119 2124 1292 2182 'treverensi
1314 2131 1400 2186 annis
1417 2133 1517 2203 qnadra-
1565 2138 1567 2157 ¹

289 2227 372 2296 ginta,
384 2225 463 2279 annis
478 2239 544 2277 sane
555 2222 670 2276 totidem
688 2226 756 2290 quot
772 2220 868 2275 diebus
885 2221 943 2288 ipsc
963 2224 1027 2274 ante
1045 2221 1170 2287 jacuerat
1180 2224 1337 2293 depositus
1355 2227 1385 2282 in
1402 2228 1520 2299 sepulcro.

288 2327 426 2381 Successit
445 2324 484 2377 illi
495 2324 617 2386 Neritus,
638 2323 697 2389 ejus
714 2320 872 2389 discipulus,
889 2335 972 2389 quem
989 2321 1105 2390 propriae
1121 2320 1186 2374 vitre
1207 2326 1352 2381 sanctitas
1369 2333 1400 2383 et
1414 2330 1522 2399 magistri

289 2426 387 2480 electio
405 2425 433 2479 in
451 2423 581 2478 extremis
593 2420 842 2476 commendabilem
862 2425 890 2474 et
901 2421 1048 2489 probatum
1061 2419 1247 2477 reddiderunt
1265 2424 1367 2480 officio
1378 2430 1525 2498 pontificali.
1536 2438 1562 2489 te

289 2523 493 2579 Consummatis
510 2522 592 2591 igitur
611 2537 673 2589 quae
694 2520 792 2573 dehoc
805 2520 864 2573 viro
876 2525 972 2574 sancto
983 2519 1168 2573 Treverorum
1181 2527 1264 2589 gesta
1276 2528 1308 2578 et
1324 2526 1412 2595 digna
1428 2533 1525 2598 patrum

288 2623 423 2678 memoria
436 2621 587 2690 colligenda
599 2626 627 2674 et
648 2619 779 2673 tradenda
797 2636 846 2688 per
865 2636 895 2672 se
913 2619 1010 2673 litteris
1027 2619 1215 2688 postulabant,
1234 2621 1377 2686 videlicet
1396 2629 1527 2698 quomodo

289 2724 382 2777 divina
394 2722 480 2791 gratia
497 2721 570 2776 beati
587 2720 702 2774 Materni
719 2719 828 2773 labores
840 2719 1006 2785 honestavit,
1023 2719 1169 2772 adornavit
1179 2726 1326 2791 tempora,
1340 2726 1453 2783 obitum
1463 2730 1530 2783 miri.

288 2821 389 2886 ticavit,
398 2837 432 2874 ne
442 2820 624 2874 nimisvidenr
633 2818 754 2879 affluere,
763 2818 807 2872 his
816 2835 878 2887 quoe
888 2817 978 2871 dicere
986 2816 1116 2886 proposui
1126 2817 1213 2872 linem
1228 2820 1294 2889 ipsa
1302 2826 1441 2891 praesenti
1453 2827 1530 2880 brer-i.

290 2923 345 2972 tate
363 2917 538 2987 imponimus.
555 2917 585 2971 ld
602 2920 695 2969 autem
714 2915 900 2968 indubitatum
919 2930 1017 2968 omnes
1033 2915 1163 2979 habeant,
1181 2917 1264 2985 quod
1284 2921 1384 2975 multu
1401 2939 1452 2991 per
1466 2923 1567 2985 huncfl

289 3022 413 3071 sanctum
434 3019 523 3072 virum
539 3022 601 3071 acta
617 3020 681 3069 sunt
696 3032 757 3084 qure
774 3019 867 3068 tamen
885 3014 985 3083 scripta
1005 3030 1061 3067 non
1077 3019 1150 3079 sunt,
1165 3017 1303 3083 quaedam
1325 3021 1417 3077 etiam
1437 3024 1534 3094 perdita

290 3133 352 3169 curn
376 3116 477 3185 scripto
497 3122 569 3170 sunt.
590 3114 785 3170 blimculorum
809 3130 870 3183 quae
888 3130 937 3183 per
964 3131 1028 3167 eum
1049 3119 1179 3183 operatus
1199 3122 1246 3171 est
1264 3118 1416 3178 Dominus
1439 3126 1535 3179 multus

290 3218 330 3266 est
350 3230 488 3277 numerus,
507 3214 610 3268 laboris
627 3213 686 3280 ejus
706 3212 843 3265 indefessa
862 3210 957 3274 rirtus,
974 3211 1112 3280 proiectus
1129 3210 1309 3281 indeficiens,
1329 3220 1384 3274 sed
1402 3224 1535 3277 sufficiens

289 3316 317 3362 et
329 3310 473 3379 proficiens
485 3311 656 3373 adsalutem,
668 3310 703 3362 ad
715 3309 825 3362 laudem
835 3313 862 3361 et
871 3308 986 3377 gloriam
999 3308 1109 3362 Domini
1121 3309 1208 3363 nostri
1221 3310 1295 3367 Jesu
1308 3316 1430 3384 Christi,
1442 3322 1489 3390 qui
1500 3328 1535 3375 est

290 3426 372 3478 super
381 3410 473 3463 omnia
482 3411 554 3463 Deus
565 3409 725 3464 benedictus
737 3409 763 3462 iu
774 3408 875 3462 secula.
885 3409 981 3461 Amen.
1550 3430 1567 3479 ῃ

534 3893 600 3979 LI.
635 3890 761 3979 (lodex
789 3894 977 4005 signatus
1003 3911 1047 3977 n⁰
1074 3892 1278 3986 2529-32.

323 4112 460 4166 Foliorum
475 4114 531 4175 ⁹230,
544 4114 639 4166 lormae
652 4113 767 4166 minoris
784 4112 869 4179 (0¹¹²,bl
887 4122 912 4170 >(
923 4111 1001 4178 ult),
1012 4111 1093 4166 lineis
1104 4113 1202 4182 plenis,
1214 4125 1359 4176 exaratus
1375 4128 1475 4183 seculo
1487 4129 1537 4182 ΧΥ,

289 4209 372 4263 Tituli
384 4192 469 4264 minio
478 4210 615 4278 descripti,
627 4212 748 4277 itemque
760 4208 857 4262 littera
867 4209 995 4275 initiales',
1007 4209 1089 4263 nullis
1098 4212 1285 4270 ornamentis.

322 4310 398 4364 Folio
411 4309 528 4363 insiticio
540 4309 568 4362 in
577 4311 666 4378 capite
675 4309 776 4363 codicis
785 4309 913 4376 inscripta
927 4313 969 4362 est
985 4309 1045 4362 haec
1057 4314 1123 4362 nota
1133 4325 1220 4365 uranu
1232 4316 1327 4371 seculi
1340 4318 1409 4377 Xl'l
1420 4342 1427 4377 :
1438 4326 1493 4380 ilic
1503 4335 1537 4379 es

290 4411 357 4462 tiber
365 4413 459 4464 domur
470 4412 582 4477 Capena
591 4411 678 4464 Beata
690 4411 874 4477 lloriajuxtc
886 4413 1015 4478 diarium.

391 4597 426 4666 1⁰
451 4594 537 4667 Vita
553 4592 650 4666 beati
669 4592 831 4667 Silvestri
845 4616 950 4687 papae
970 4594 1048 4685 (sol.
1072 4594 1210 4688 123dl).

321 4723 399 4777 Edita
409 4723 479 4793 apud
490 4721 684 4788 llombritium,
693 4728 759 4778 tom.
772 4724 844 4777 11.-
862 4724 915 4777 Sed
925 4723 953 4777 in
962 4722 1056 4777 codice
1068 4723 1195 4791 quaedam
1206 4724 1333 4786 subinde
1344 4737 1457 4793 omissa
1467 4744 1537 4793 sunt
