3142 5392
276 303 350 376 436
612 328 737 380 aaran.
764 329 867 381 cono.
892 330 1170 383 naoroonnrmo.

277 513 417 567 Elizabeth
431 531 448 567 a
460 521 547 569 matre
557 523 689 584 portatus,
698 524 726 572 et
738 536 799 573 cum
809 520 991 574 attentissima
1006 523 1103 576 matris
1114 523 1259 577 devotione
1271 529 1295 577 et
1301 541 1361 593 prece
1368 543 1430 580 neno

277 616 343 664 ratae
352 617 454 666 sanctae
469 614 584 673 oblatus.
598 618 707 670 tandem
722 623 795 672 totus
806 625 919 673 sanatus
931 625 987 673 est:
997 621 1222 688 permanentibus
1233 624 1431 692 tamenqmma

277 709 468 764 infirmitatum
480 712 491 745 ¹
503 729 613 766 suarum
626 714 733 768 indiciis
743 717 776 769 ad
786 723 890 770 certum
901 717 940 770 rei
951 720 1075 772 veritatis
1084 725 1282 786 argumentum.

205 824 252 863 xri
321 807 401 865 106.
426 811 578 865 llachtildis
588 814 622 865 de
638 813 713 878 Lala,
734 815 879 884 Hergardis
896 817 930 870 de
947 817 1109 886 llartpurlr¹
1128 824 1157 872 et
1175 819 1434 883 adeleidisdetllhadl,

277 906 440 975 Maguntinae
453 909 575 973 diocesis,
593 911 706 964 diversis
722 912 925 967 infirmitatibus
944 918 1090 968 contractae
1108 919 1136 968 et
1153 915 1314 977 deformatae,
1330 918 1451 971 direnisett

276 1007 446 1074 temporibus
455 1008 488 1060 ad
498 1010 650 1077 sepulcrum
666 1011 750 1064 beata.
760 1012 896 1066 Elizabelh
910 1014 1233 1081 receperuntsunitatem.

169 1104 250 1160 xva*
322 1104 401 1160 107.
421 1107 497 1159 Alter
509 1104 641 1170 similiter,
651 1107 826 1160 Harbordus⁴
840 1109 959 1167 nomine.
972 1109 1178 1178 Herbipolensis
1188 1110 1305 1171 diocesis,
1313 1111 1435 1165 nimiadetor·

276 1202 372 1256 mitate
385 1203 625 1271 contractioneque
637 1208 759 1266 rexatuS,
772 1204 807 1257 ad
824 1204 975 1272 sepulcrum
986 1222 1057 1274 saepe
1070 1205 1184 1265 dictum.
1201 1207 1291 1260 nerris
1303 1207 1337 1260 uti
1347 1207 1436 1260 risunest

276 1301 301 1354 ei
313 1302 510 1370 crepitantibus
523 1304 603 1371 coepn
615 1302 688 1370 erigi,
701 1304 787 1356 donec
797 1303 927 1371 paulatim
937 1305 1056 1372 perfecte
1064 1310 1216 1359 sanaretur.

319 1399 398 1456 108.
419 1401 486 1453 lteni
499 1401 527 1454 in
537 1400 638 1454 diocesi
648 1399 881 1465 Quaderbonensi,
894 1399 1042 1454 Gherlacus
1051 1401 1070 1464 ⁶,
1083 1401 1222 1456 Godelridi
1234 1403 1461 1462 lilius,triunanolt

274 1512 334 1549 rum
347 1501 374 1549 et
385 1496 500 1558 dimidii,
512 1496 625 1548 claudus
633 1495 751 1561 jacebat,
763 1512 813 1549 nec
825 1495 966 1548 ambulare
976 1496 1094 1550 valebat.
1103 1498 1145 1552 Aa
1155 1499 1305 1567 sepulcrum
1315 1484 1437 1552 bennun

273 1596 340 1649 beth
352 1597 472 1662 suscepit
481 1595 628 1648 sanitatem
638 1599 665 1647 et
677 1594 835 1648 ambulandi
848 1595 1014 1649 facultatem.

316 1693 395 1750 109.
416 1693 446 1745 ln
459 1692 560 1745 diocesi
570 1691 869 1759 bingunlinn,quada1n
883 1692 938 1744 lilia
950 1692 1078 1755 Heinrici,
1091 1693 1237 1761 liutgardis
1248 1694 1437 1762 nominequatuor

271 1808 406 1845 annorum
421 1791 548 1853 existens,
559 1806 576 1842 a
587 1789 631 1842 die
644 1787 793 1841 nativitatis
806 1805 861 1840 suae
874 1789 912 1841 ire
924 1805 979 1842 non
992 1789 1087 1857 potuit.
1100 1790 1131 1843 ln
1144 1791 1274 1844 Passione
1285 1797 1436 1859 autemnon

269 1891 359 1943 lorum
372 1889 446 1943 Petri
456 1894 484 1941 et
493 1887 570 1941 Pauli
582 1893 709 1954 parentes
718 1904 778 1939 eam
791 1887 825 1939 ad
835 1887 971 1940 tumulum
985 1888 1071 1940 beata
1083 1889 1224 1942 Elizabeth
1237 1906 1295 1944 cuni
1309 1888 1460 1943 oblationilutt

269 1989 422 2042 hostiarum
442 1988 604 2048 deserentes,
624 1985 767 2054 ipsumque
787 1985 821 2037 ad
841 2001 954 2038 censum
974 1986 1091 2039 duorum
1112 1987 1288 2040 denariorum
1306 1986 1394 2055 singulis
1406 1984 1436 2037 ilie

269 2087 348 2140 annis
358 2087 519 2154 obligantes,
532 2102 616 2153 parvo
630 2084 774 2150 interjactu
787 2083 917 2150 temporis
926 2090 1023 2137 sanata
1034 2090 1084 2144 est,
1094 2090 1120 2137 et
1130 2101 1256 2153 gressum
1271 2083 1409 2153 recuperarit

313 2186 395 2244 110.
415 2185 533 2253 Quidam
552 2185 745 2245 Theodericus,
758 2184 919 2253 Magantinae
936 2185 1060 2248 diocesis,
1072 2202 1118 2239 xri
1135 2203 1271 2241 annornm
1288 2184 1436 2247 existenda

269 2287 423 2340 infirmatus
436 2289 478 2337 est
490 2285 519 2337 in
531 2282 681 2336 femoribus
691 2287 718 2334 et
730 2281 811 2343 tibiis,
820 2286 851 2335 ut
862 2281 933 2335 lecto
945 2282 1113 2335 decumbens
1124 2283 1164 2336 ire
1177 2300 1233 2336 non
1245 2289 1336 2353 posset
1346 2278 1436 2349 lldsepul

268 2402 344 2438 crum
355 2386 443 2437 beatae
457 2381 596 2436 Elizabcth
606 2381 728 2447 venicus,
739 2397 802 2433 cum
815 2380 826 2414 ⁶
839 2385 956 2448 quatuor
967 2381 1126 2449 septimanis
1139 2381 1194 2435 illic
1206 2383 1234 2436 in
1247 2401 1292 2452 spe
1302 2377 1460 2451 recuperante!

268 2483 393 2537 sanitatis
419 2481 559 2543 lecissell,
580 2480 684 2548 absque
707 2480 901 2533 consecutione
924 2480 983 2546 ejus
1006 2481 1105 2534 reverti
1129 2481 1225 2535 debuit
1245 2483 1279 2535 ad
1300 2482 1391 2551 propria
1405 2474 1436 2543 llil

268 2580 439 2649 aliquantum
461 2597 477 2632 a
497 2580 557 2632 loco
575 2579 723 2646 elongatus
737 2594 768 2630 ex
787 2577 893 2630 delectu
905 2577 1072 2631 lassitudinis
1091 2579 1237 2647 quiescens
1257 2581 1284 2634 in
1303 2586 1362 2634 terra
1376 2576 1435 2630 obdor

268 2679 354 2734 mirit.
372 2680 405 2733 Et
423 2680 518 2732 ridens
531 2678 675 2730 insomnis
692 2677 839 2744 quemdam
853 2677 886 2729 ad
900 2692 928 2730 se
946 2683 1136 2745 properantem
1150 2679 1197 2746 qui
1210 2696 1345 2761 eumlaqua
1355 2672 1435 2747 pertudit

267 2778 472 2845 expergefactus
489 2775 574 2828 sensit
585 2792 614 2827 se
626 2774 725 2826 melius
741 2774 851 2827 habere.
863 2773 915 2841 Qui
928 2791 1012 2842 parvo
1031 2776 1175 2830 intervallo
1188 2779 1315 2846 temporis
1329 2776 1435 2830 tanente

268 2880 342 2929 totus
353 2880 465 2928 sanatus
477 2878 555 2926 estet
568 2873 692 2941 expedite
703 2872 862 2926 ambulavit.
1442 2866 1459 2917 a
1474 2894 1477 2973 ⁴

302 3070 378 3154 [rr.
402 3079 454 3136 ne
475 3076 741 3146 epnentnorum
761 3078 798 3134 et
818 3076 1031 3135 curiosorum
1051 3078 1300 3137 sanationum
1315 3096 1322 3135 :
1336 3063 1416 3146 κν]
1475 3052 1477 3159 ζ

306 3267 386 3321 111.
411 3267 476 3319 Post
488 3268 546 3320 laec
558 3266 730 3320 distinctione
743 3272 840 3335 quarta
852 3267 886 3320 ad
902 3272 1029 3335 quartum
1042 3267 1141 3322 librum
1155 3270 1265 3338 capituli
1276 3264 1398 3337 superioria
1406 3255 1433 3311 ubl

262 3382 310 3434 per
330 3365 459 3418 virtulem
480 3364 625 3432 singularis
645 3365 806 3418 obedientiae
826 3366 934 3418 duobus
953 3366 1139 3429 sacramentis,
1157 3368 1317 3435 punitentia
1334 3358 1434 3418 scilicctel

262 3465 359 3525 ordini,
369 3464 454 3517 electa
468 3464 516 3516 [lei
528 3463 720 3525 satisfaciebat,
730 3463 912 3531 respicientes.
922 3464 1114 3517 miraculorum
1128 3465 1245 3533 gratiam
1263 3466 1288 3519 in
1300 3455 1434 3518 curationibus

262 3563 468 3631 epilepticorum
480 3567 507 3616 et
519 3563 683 3615 furiosorum
696 3562 795 3615 iactam
810 3563 1096 3616 commemorabimus.
1441 3546 1459 3600 ⁸

305 3657 385 3713 112.
406 3659 436 3710 ln
450 3657 605 3725 linguntina
618 3656 727 3716 diocesi,
742 3657 877 3724 quaedum,
889 3656 1026 3709 Adeleidis
1038 3657 1159 3722 nomine,
1172 3661 1201 3713 in
1214 3661 1313 3714 rabiem
1326 3671 1389 3710 rena
1397 3646 1434 3716 Ρ115

260 3774 343 3825 quam
354 3757 460 3809 duobus
471 3755 549 3807 annis
559 3754 691 3806 insomnis
701 3759 727 3806 et
737 3753 839 3806 furiosa
847 3755 1004 3822 permansit.
1014 3755 1065 3808 Per
1076 3754 1155 3809 rillas
1164 3762 1191 3809 et
1201 3774 1309 3825 campos
1317 3754 1434 3808 eunome

260 3854 414 3907 dilaceratis
426 3851 548 3905 restibus
561 3850 738 3913 discurrebat,
751 3867 801 3903 nec
812 3851 965 3905 nuditatem
979 3869 1056 3905 suam
1069 3870 1163 3907 coram
1176 3855 1330 3907 horninibus
1339 3848 1434 3903 ennae
1475 3864 1477 3877 ·

261 3951 316 4004 bat.
328 3951 515 4005 blaterantem
528 3965 590 4002 curn
600 3948 661 4001 aliis
673 3949 744 4001 notis
754 3954 780 4001 et
792 3949 887 4001 amicis
897 3965 957 4002 earn
970 3952 1005 4003 ad
1014 3952 1152 4005 tumulum
1170 3953 1258 4006 beatae
1275 3946 1387 4005 Elimbcth
1398 3949 1433 4006 per·
1474 3940 1477 4001 i

261 4050 409 4111 trahentes,
423 4049 449 4101 in
459 4048 632 4101 invocatione
642 4047 728 4100 divini
739 4048 841 4108 auxilii,
855 4047 922 4100 nibil
934 4054 999 4102 tnnc
1012 4051 1193 4117 proiecerunt,
1204 4053 1251 4105 illa
1267 4050 1350 4103 rabida
1364 4032 1458 4112 pell*ll
1475 4020 1477 4103 i

261 4152 342 4200 nente
355 4148 415 4215 plns
426 4164 509 4215 quam
523 4147 604 4215 prius.
615 4146 680 4198 Post
693 4145 867 4199 Nativitatem
880 4146 966 4199 beatae
984 4148 1074 4201 blariae
1087 4166 1146 4202 earn
1158 4151 1276 4203 secundo
1286 4150 1317 4202 ad
1328 4140 1432 4214 sepulcrtm
1474 4122 1477 4191 i

295 4312 304 4344 ¹
323 4313 399 4363 arrabo
410 4313 484 4363 codd.
497 4310 708 4364 infirmitatibus.
720 4338 752 4349 —
764 4311 775 4343 ⁹
787 4310 913 4378 llarpurh
928 4311 952 4362 ⁰2.
965 4339 996 4347 —
1007 4311 1019 4344 ³
1032 4311 1115 4364 olbah
1128 4312 1152 4365 1.
1164 4340 1196 4351 -
1218 4314 1229 4347 ⁴
1252 4309 1374 4365 Herbodus
1386 4301 1401 4353 l
1413 4315 1432 4329 ‘
1475 4292 1477 4333 !

260 4393 271 4427 ὓ
284 4393 411 4445 Gerlacus
423 4393 446 4444 ⁰2.
460 4420 490 4430 -
503 4394 514 4426 ⁶
527 4397 563 4445 ito
578 4395 609 4455 ⁶23
624 4394 652 4446 iu
664 4392 722 4456 (sic)
735 4396 765 4445 in
779 4394 800 4445 1.
819 4424 838 4431 -
857 4393 916 4445 lito
928 4396 1023 4456 codd.,·
1038 4396 1136 4459 forsan
1157 4413 1209 4463 pro
1229 4397 1325 4449 luisset.
1334 4417 1359 4430 ·
1371 4388 1380 4419 ⁸
1391 4390 1431 4432 ΜΡ

259 4483 360 4527 rantur
371 4478 480 4527 cannino
488 4477 531 4528 hic
539 4477 623 4540 tujm
631 4479 737 4541 pencris
746 4479 900 4529 saltationes
910 4492 955 4538 xn,
965 4485 993 4529 at
1002 4480 1108 4530 nomine
1125 4480 1301 4544 desiynanncr
1315 4470 1385 4529 saccati
1392 4470 1430 4514 pu

259 4586 291 4593 —
302 4558 313 4591 ⁰
326 4562 353 4609 et
365 4559 426 4610 odd.
437 4575 469 4609 ex
480 4558 510 4618 1;
522 4560 592 4610 deest
604 4561 633 4610 in
647 4559 668 4610 1.

270 4706 272 4710 ¹
291 4715 305 4746 ⁸
319 4716 425 4770 Abhinc
429 4718 490 4783 jam
502 4720 573 4771 nulli
581 4721 689 4772 arumeri
700 4721 872 4786 errarpinalee,
885 4736 967 4788 neque
980 4722 1008 4773 tn
1021 4721 1034 4774 1
1046 4738 1129 4789 neque
1138 4721 1200 4776 {ab
