3142 5392
171 256 247 329 aad
508 280 634 334 aaran.
660 282 1068 339 conculcamentum.

172 466 295 536 plurima
312 469 535 539 congregationes
546 470 575 524 in
586 469 728 525 cacumine
743 471 872 537 ecclesiae,
885 471 968 527 variis
980 474 1229 531 cumadmiratione
1238 480 1344 541 multum

172 565 406 621 modulationibus
417 569 609 623 concinentes:
624 586 685 639 quoe
704 570 796 638 potius
807 587 868 624 earn
881 572 1049 627 laudabilem
1071 580 1099 627 et
1115 575 1251 644 gloriosam
1261 582 1345 648 man

172 665 247 719 coelis
258 668 488 735 superexaltatam
498 685 581 737 quarn
590 669 771 738 plangendam
783 669 810 723 in
824 671 903 724 terris
914 687 974 725 esse
983 671 1201 742 designaverunt

214 764 272 822 53.
291 764 420 834 Deposito
430 782 493 834 ergo
505 766 555 818 Dei
564 766 657 819 electae
668 783 789 835 corpore,
801 767 877 820 brevi
887 768 994 837 epilogo
1007 785 1146 824 summam
1159 772 1277 828 dictorum
1285 791 1346 831 tuen·
1386 810 1388 815 ·

173 868 273 928 centes,
285 864 388 932 primus
397 864 455 932 jam
467 840 536 916 liber
553 863 742 918 terminandus
754 864 834 918 nobis
851 865 978 919 occurrit.
989 866 1076 935 Igitur
1087 869 1244 924 venerabilis
1253 880 1276 924 et
1286 880 1365 940 ancus
1384 884 1388 941 t

173 979 245 1016 nunc
257 963 404 1028 Elizahetlr‚
417 964 527 1031 agratia
535 963 616 1032 primi
631 963 795 1017 sacramenti
807 963 933 1017 notitiam
946 964 1042 1033 primae
1058 967 1209 1022 vocationis
1223 985 1272 1022 sue
1282 973 1347 1039 uude
1385 980 1388 1047 ξ

172 1061 259 1115 nihilo
277 1067 374 1115 vocata
393 1065 498 1130 patrem
518 1063 603 1130 gratis
622 1062 723 1117 meruit
742 1062 845 1116 habere
864 1063 961 1126 Deum,
981 1063 1118 1134 accipiens
1138 1067 1270 1121 candidam
1283 1070 1348 1125 sibili

173 1161 310 1230 baptismo
324 1167 428 1215 vestem
441 1162 603 1216 innocentia
616 1163 717 1230 datam,
727 1163 850 1221 motibus
863 1164 942 1218 honis
960 1164 988 1218 in
1003 1166 1120 1234 pueritia
1131 1167 1183 1220 sihi
1197 1168 1348 1225 decenterada·

172 1261 267 1329 ptavit.
284 1261 353 1315 Dein
369 1267 541 1316 sacramento
559 1263 709 1331 conjugalis
727 1263 831 1332 copulae
848 1265 963 1332 gratiam
981 1265 1045 1318 vitae
1063 1265 1173 1320 socialis
1191 1268 1348 1333 suscipiente

171 1359 265 1429 primae
277 1360 441 1413 conditionis
452 1377 552 1414 munus
572 1377 627 1414 uon
639 1361 792 1415 solitarium
810 1363 858 1415 sed
870 1378 932 1416 curn
950 1363 1045 1417 multis
1062 1370 1219 1420 sanctorum
1235 1367 1375 1429 millibusintt

170 1458 269 1529 gaudio
289 1459 430 1528 equaliter
450 1460 709 1514 communicandum
731 1477 791 1515 esse
811 1477 970 1530 agnoscens,
988 1463 1138 1517 candorem
1156 1465 1349 1520 couscientiesua
1386 1464 1388 1477 '

171 1556 251 1610 bonis
271 1558 400 1626 operibus
413 1560 423 1583 ⁸
438 1559 613 1627 tussimque,
627 1601 637 1624 „
652 1575 713 1628 quae
732 1564 798 1613 sunt
811 1560 1021 1626 justificationes
1040 1568 1208 1631 sanctorum,
1226 1564 1251 1617 in
1267 1565 1349 1619 anau
1386 1566 1388 1573 '

171 1656 267 1711 habitu
287 1657 444 1725 superindui
457 1659 570 1722 curavit,
588 1663 619 1712 ut
639 1660 650 1684 ⁸
664 1659 797 1728 particeps
809 1659 932 1712 omnium
944 1659 1102 1714 timentium
1114 1662 1209 1725 Deum.
1219 1705 1230 1728 ‚
1240 1663 1288 1732 ipsa
1296 1663 1349 1716 ieret
1385 1676 1388 1723 t

170 1755 271 1810 Postea
285 1756 371 1824 gratia
384 1756 500 1809 duorum
513 1761 746 1810 sacramentorum
759 1763 786 1810 et
797 1757 905 1817 virtute,
917 1758 1085 1826 paenitentiae
1102 1760 1225 1814 videlicet
1240 1766 1264 1814 et
1277 1760 1351 1823 ordinis

170 1856 308 1918 roborata,
325 1859 415 1923 partes
427 1854 563 1919 adversae,
579 1855 715 1925 principes
727 1855 910 1920 tenebrarum,
918 1862 1074 1926 serpentem
1087 1859 1236 1927 antiquum,
1246 1859 1350 1927 undae
1359 1866 1388 1919 u·

170 1953 393 2006 machinamenta
403 1953 462 2020 ejus
474 1969 522 2021 per
533 1953 660 2006 ellectum
673 1958 701 2007 et
709 1953 836 2007 meritum
847 1953 990 2022 singularis
1003 1955 1168 2025 obedientiae
1177 1957 1204 2010 in
1212 1956 1288 2026 prima
1294 1956 1351 2009 imao

170 2051 250 2104 valde
262 2052 428 2105 conterebat.
441 2052 471 2105 ln
488 2051 574 2120 gratia
586 2052 777 2105 sacramentali
789 2059 890 2106 sanctae
907 2053 1087 2107 Eucharistiae
1103 2054 1196 2108 hostia
1207 2055 1263 2109 viva
1273 2056 1295 2109 ia
1304 2053 1351 2107 obit·

171 2149 273 2203 tionem
285 2150 433 2203 salutarem
450 2167 499 2219 pro
512 2150 606 2204 multis
617 2151 723 2216 effecta,
735 2157 763 2204 et
779 2167 796 2203 a
808 2151 862 2204 line
879 2168 966 2220 usque
984 2153 1019 2206 ad
1034 2153 1119 2206 linem
1132 2154 1261 2223 attingens
1275 2153 1351 2213 iortitea

170 2254 267 2303 cuncta
279 2249 350 2302 intra
361 2266 391 2301 se
402 2248 543 2302 caritativa
553 2249 726 2303 ordinatione
735 2249 923 2303 concludebat
935 2250 988 2304 Sed
1006 2255 1034 2304 et
1052 2267 1101 2305 esu
1114 2253 1203 2306 carnis
1214 2252 1275 2322 algui
1282 2252 1352 2306 reim

169 2347 255 2417 ptoris
264 2348 387 2402 oninium
401 2353 428 2401 et
436 2348 514 2416 panis
525 2352 605 2416 gustu
617 2348 737 2411 unitatis,
748 2348 1089 2418 videlicetredemptorum
1099 2351 1230 2415 omnium.
1238 2349 1377 2420 mmptot

170 2462 228 2500 rem
240 2447 358 2500 esuriem
371 2448 469 2501 satiata
477 2452 559 2516 atque
572 2448 606 2501 ad
618 2448 777 2501 continuam
790 2449 864 2502 sitim
875 2448 938 2502 vino
948 2454 1005 2502 tam
1019 2450 1048 2503 in
1057 2449 1184 2519 impensa
1195 2451 1285 2505 amoris
1291 2452 1351 2518 potuit

169 2561 252 2613 quam
269 2545 297 2599 in
309 2560 424 2614 repensa
436 2545 561 2598 debriata
581 2547 648 2611 (Qui
664 2548 745 2598 edient
758 2563 805 2611 me,
817 2545 912 2614 inquit,
922 2547 1011 2599 adhuc
1022 2550 1150 2614 esurient,
1162 2557 1185 2602 et
1196 2551 1241 2618 qui
1250 2550 1351 2601 tilium

170 2646 258 2698 adlice
279 2647 388 2710 sitient),
409 2644 468 2712 ipsa
490 2643 650 2697 continuata
671 2660 779 2712 semper
796 2644 975 2698 renovatione
998 2644 1163 2700 alimentum
1186 2645 1351 2711 vehiculumque

170 2744 271 2797 meruit
281 2744 383 2796 habere
393 2748 564 2812 perpetuum.
580 2743 619 2795 De
631 2749 803 2796 sacramento
816 2743 1032 2797 confirmationis
1048 2744 1179 2798 uirtutem
1192 2743 1351 2799 electionissue

169 2848 243 2896 certo
256 2843 443 2910 experimento
460 2841 740 2910 capienslibertatem
756 2842 854 2910 agendi
865 2859 914 2910 pro
926 2842 1007 2896 libitu
1017 2859 1079 2910 quae
1092 2845 1202 2898 uolebat
1213 2839 1376 2911 accepitetinll

169 2942 249 3011 plena
261 2942 425 2995 confidentia
437 2957 548 2994 omnem
561 2942 689 2994 allectum
707 2940 791 2994 divini
804 2941 905 2994 amoris
918 2941 970 2995 sibi
987 2941 1152 2997 fiducialiter
1164 2935 1350 2997 vendicabatStd

169 3046 197 3094 et
209 3041 236 3094 in
247 3041 377 3109 mysterio
390 3046 417 3094 et
429 3044 600 3094 sacramento
611 3044 738 3093 extremae
748 3039 884 3094 unctionis
900 3040 1021 3108 quietem
1035 3042 1111 3110 regni
1120 3048 1148 3096 et
1159 3060 1249 3112 pacem
1260 3057 1302 3111 pra
1311 3035 1349 3091 lori·

168 3139 220 3193 bus
240 3140 367 3203 sentiens,
394 3139 532 3208 singulare
554 3138 693 3206 quoddam
720 3139 849 3207 gaudium
878 3139 1026 3208 gratiaeque
1055 3141 1266 3209 experimentum
1286 3139 1349 3192 turra

169 3239 373 3293 resurrectionis
388 3240 509 3308 corporis
524 3238 566 3292 sui
579 3243 607 3291 et
617 3239 749 3300 omnium,
761 3238 875 3307 gloriam
893 3253 1003 3307 quoquc
1016 3241 1237 3295 consummanda
1247 3233 1349 3293 beatitm·

169 3337 218 3399 uis,
236 3354 252 3390 a
269 3339 386 3391 Domino
398 3336 556 3405 suscipione,
574 3336 707 3390 ineffabili
719 3337 838 3404 quadam
856 3336 1044 3389 consolatione
1056 3342 1085 3389 et
1094 3338 1184 3405 jubilo
1202 3329 1376 3406 inpracordi‘ull

169 3435 224 3489 suis
237 3436 350 3489 delicate
368 3436 450 3489 nimis
462 3434 561 3488 referta
573 3438 601 3487 et
617 3433 718 3486 refecta
736 3439 784 3486 est.
796 3432 841 3486 Sic
853 3448 916 3501 ergo
934 3432 962 3486 in
980 3433 1024 3486 die
1042 3433 1089 3486 illa
1107 3440 1202 3487 sancta
1219 3435 1270 3487 hac
1286 3427 1350 3484 nuto

169 3533 320 3604 septilormi
331 3535 417 3602 gratia
429 3549 476 3602 per
485 3533 615 3600 Spiritum
634 3531 683 3585 Dei
700 3531 935 3585 sacramentaliter
951 3537 1104 3600 preparata
1121 3537 1150 3586 et
1165 3532 1271 3602 nuptiali
1287 3525 1349 3583 aditu

168 3638 306 3703 gratanter
319 3639 422 3696 ornata,
439 3632 620 3700 apprehendit
632 3632 721 3684 virum
740 3647 834 3693 unum,
847 3631 995 3684 Dominum
1008 3631 1133 3685 omnium
1147 3632 1278 3695 virtutum,
1287 3621 1349 3697 quta

170 3732 234 3785 olim
247 3734 275 3786 in
292 3732 408 3801 pueritia
420 3732 487 3797 ejus,
499 3736 530 3783 ut
547 3747 608 3783 eam
626 3730 678 3784 sibi
696 3731 831 3799 acciperet
843 3730 869 3782 in
887 3746 1010 3798 regnum,
1029 3729 1072 3783 via
1090 3731 1245 3800 longissima
1255 3733 1350 3798 postem

169 3832 264 3885 abiens
281 3835 308 3884 et
319 3846 392 3883 nunc
412 3829 577 3898 competenti
598 3828 755 3883 testimonio
776 3829 835 3896 ejus
852 3844 939 3897 usque
959 3829 994 3882 ad
1012 3829 1142 3883 ultimum
1163 3836 1245 3891 terre,
1263 3825 1320 3881 finito
1333 3818 1378 3872 'ull

168 3930 317 4001 plenilunio
335 3935 362 3983 et
374 3929 610 3982 consummatione
628 3928 758 3996 temporis
770 3929 836 3995 ejuS‚
849 3944 910 3980 cum
929 3944 962 3980 ea
981 3929 1096 3982 domum
1109 3929 1224 3991 rediens,
1242 3915 1351 3981 marmori

168 4045 228 4082 eam
239 4044 332 4081 secum
344 4027 378 4079 ad
391 4026 505 4095 nuptias,
523 4031 605 4095 atquc
618 4025 821 4079 consessionem
834 4025 925 4078 lateris
937 4025 1025 4079 dextri
1044 4031 1204 4095 perpetuam
1214 4027 1240 4079 iu
1248 4029 1350 4092 regnasti

168 4127 193 4181 ei
203 4127 351 4192 constituit,
361 4131 441 4194 caput
452 4130 477 4179 et
489 4142 605 4194 sponsus
614 4124 739 4177 Ecclesiae
748 4124 826 4177 lesus
836 4123 959 4177 Christus
969 4124 1103 4178 Dominus
1112 4131 1212 4190 noster,
1220 4121 1352 4192 cujotuur

168 4233 196 4282 et
213 4225 366 4295 imperium,
379 4225 456 4293 cujus
477 4240 589 4293 regnum
603 4229 630 4276 et
642 4222 826 4276 sacerdotium
844 4222 903 4275 sine
918 4223 973 4276 fine
984 4229 1128 4291 permanet
1144 4224 1171 4278 in
1189 4223 1273 4278 secula
1281 4214 1351 4275 secudu

168 4341 238 4378 rum.
249 4324 347 4377 Amen.
1360 4307 1378 4360 ll

564 4475 720 4549 Explicit
740 4476 832 4536 liber
852 4478 1001 4548 primus.
