3248 5392
189 333 261 409 270
523 355 649 408 caran.
676 354 780 409 cono.
806 353 1085 408 nnuiocannrnc.

188 545 255 601 tiam
273 550 305 600 ut
321 562 385 601 eum
403 546 583 601 constitueret
599 544 870 600 archicancellarium
888 545 973 599 totius
989 545 1094 615 Anglici
1107 544 1192 616 regni
1205 544 1286 615 (luins
1299 545 1390 602 bonore

188 644 310 700 odicium
327 645 367 700 sic
378 647 502 700 exercuit
518 650 549 700 ut
566 644 673 700 honore
683 644 783 713 maiori
795 644 900 713 dignus,
912 645 1026 699 honoris
1036 644 1121 714 huius
1131 643 1175 699 sni
1186 643 1337 714 dignitatem
1345 645 1389 715 ipre

186 744 304 815 amplius
319 750 472 800 exornaret
481 744 561 800 Unde
577 745 680 799 lactum
692 749 735 799 est
745 748 777 799 ut
791 743 946 798 dormiente
954 760 1017 798 curn
1032 743 1159 813 patribus
1166 742 1227 799 suis
1237 744 1265 799 iu
1274 749 1390 801 munte

187 844 260 898 bona
276 843 364 899 felicis
379 844 522 899 momoriae
531 843 701 910 Theobaldo,
714 843 903 898 cantuariensi
920 843 1135 913 archiepiscopo,
1145 842 1270 899 Thomas
1282 842 1391 899 neuim

187 958 273 998 conus
282 947 311 998 et
317 942 577 998 archicancellarius
584 942 745 998 solemniter
754 942 898 1012 eligeretur
908 942 937 997 in
946 941 1182 1012 archiepiscopum
1193 941 1413 999 Cmmfflmt

186 1046 215 1097 et
228 1042 333 1112 Angue
344 1042 429 1097 totius
439 1041 594 1112 primatem.
605 1041 690 1111 (luins
706 1041 868 1096 dectionem
886 1057 934 1095 rex
950 1039 1097 1111 anglorum
1111 1040 1298 1097 favorabiliter
1310 1040 1392 1112 ende

186 1145 263 1195 ctcns
274 1142 452 1211 approbavit;
462 1145 491 1196 et
501 1140 679 1210 postmodum
689 1140 747 1210 ipse
758 1139 861 1195 electus
872 1139 901 1194 in
913 1156 1044 1210 magnum
1055 1139 1106 1195 Dei
1118 1140 1290 1195 sacerdotem
1300 1139 1392 1197 lebeitrr

185 1245 228 1294 eet
244 1244 427 1306 consecratus,
446 1239 680 1294 consecrationem
699 1254 778 1294 suam
797 1244 1007 1294 consecraturus
1025 1238 1158 1308 sanguine
1176 1238 1392 1310 moneamus

185 1339 301 1394 iuturus.

226 1433 259 1493 2.
281 1435 500 1492 Consecrationis
516 1435 591 1490 enim
607 1452 664 1490 suae
675 1438 878 1489 sacramentum
889 1450 969 1489 sacro
981 1434 1010 1489 in
1021 1439 1132 1502 pectore
1143 1451 1196 1490 suo
1211 1435 1341 1491 memoria
1347 1436 1390 1507 ini
1401 1437 1423 1487 tt

185 1536 291 1599 tenens,
303 1549 320 1587 a
336 1532 432 1602 primis
447 1531 545 1586 diebus
555 1547 613 1587 suae
624 1530 838 1586 consecrationis
855 1530 883 1585 in
893 1529 1010 1585 alterum
1022 1531 1113 1586 virum
1130 1536 1174 1587 est
1184 1536 1314 1595 mutatus.
1321 1536 1349 1586 nt
1356 1532 1391 1602 qni

185 1629 272 1699 patu
288 1630 339 1685 Dei
350 1629 393 1684 vir
409 1628 498 1683 bonus
515 1632 579 1683 ante
597 1629 695 1693 iuerat,
712 1627 740 1682 in
758 1627 847 1682 virum
866 1627 1001 1697 optimum
1018 1644 1048 1683 se
1065 1628 1243 1698 protenderet
1258 1632 1315 1684 toto
1329 1628 1391 1683 born

185 1728 285 1784 mentis
304 1727 411 1783 annisu.
431 1727 534 1795 Maiore
554 1743 618 1796 ergo
639 1726 726 1796 gratie
745 1726 796 1780 Dei
815 1726 993 1796 precedente,
1012 1727 1147 1782 virtutum
1166 1726 1266 1782 studiis
1283 1726 1392 1782 omniun

185 1826 367 1894 adnitebatur,
379 1842 414 1881 ne
434 1826 521 1896 gratia
532 1825 582 1880 Dei
595 1825 624 1880 in
635 1842 668 1880 eo
681 1840 769 1880 vacua
781 1825 867 1891 fieret,
879 1842 914 1881 ne
925 1825 1050 1895 spiritum
1068 1825 1119 1881 Dei
1133 1830 1262 1881 sanctum
1276 1825 1391 1895 utimur

185 1930 234 1992 ret,
246 1942 329 1997 quem
346 1930 468 1980 senserat
485 1925 652 1995 aspirantem
669 1923 698 1979 in
717 1940 747 1979 se
765 1924 839 1979 dona
855 1925 948 1995 gratie
966 1941 1023 1979 suae
1040 1929 1069 1980 et
1084 1940 1167 1995 super
1183 1925 1275 1995 ipsum
1285 1924 1423 1981 effudiutt

180 2024 342 2087 ‚unctionem
354 2023 548 2079 misericordiae
563 2039 627 2078 sua.
640 2023 728 2078 Corde
743 2023 817 2078 bono
833 2027 860 2078 et
876 2024 980 2093 optimo
995 2023 1130 2079 sollicitus
1145 2023 1307 2080 revolvebat
1316 2023 1342 2079 in
1350 2037 1392 2093 qn

184 2123 257 2187 sede,
273 2123 374 2192 quibus
391 2122 514 2192 partibus
530 2124 589 2191 ipse
607 2121 775 2187 successerit,
794 2138 857 2177 curu
877 2123 956 2176 sedes
973 2121 1020 2176 illa
1036 2121 1080 2177 vel
1098 2125 1211 2176 sanctos
1226 2119 1393 2177 inveneritrel

184 2226 294 2277 sanctos
303 2221 398 2277 lecerit
408 2221 552 2291 pontifices
564 2225 647 2275 mutae
658 2221 717 2275 sedi
728 2221 912 2290 praesidentes.
923 2220 1010 2276 Heres
1026 2236 1090 2291 eruo
1102 2221 1223 2290 degener
1233 2220 1316 2276 tantis
1328 2219 1393 2290 patri

183 2319 236 2376 bns
244 2335 279 2374 ne
290 2324 383 2390 posset
394 2319 543 2388 reprobari,
552 2319 688 2390 probabat
698 2318 876 2389 semetipsum
889 2324 917 2375 et
928 2320 1022 2374 animo
1031 2322 1091 2373 toto
1103 2317 1238 2388 vigilabat
1243 2318 1394 2375 ntinnndr

183 2419 248 2474 sede
260 2419 358 2474 sedens
369 2418 471 2474 sanctis
480 2419 604 2489 patribus
615 2434 758 2473 successor
769 2418 866 2487 dignus
878 2422 972 2487 posset
982 2417 1108 2472 inveniri.
1116 2416 1212 2472 Primo
1223 2416 1304 2488 igitur
1314 2414 1427 2473 munt

183 2515 269 2571 erexit
281 2531 310 2570 se
322 2520 418 2570 contra
429 2531 467 2580 se,
479 2514 604 2584 spiritum
616 2519 713 2570 contra
724 2531 844 2579 carnem,
855 2518 887 2569 ut
898 2515 1062 2569 auctoritate
1076 2513 1176 2583 maiori
1188 2519 1295 2585 regeret
1304 2518 1394 2570 lenm

182 2614 312 2683 populum
326 2613 378 2668 sibi
388 2614 567 2668 commissum
576 2630 593 2667 a
602 2614 668 2677 Deo,
682 2613 747 2667 dnm
757 2612 873 2668 iniirrnar
882 2613 958 2667 carni
967 2612 1118 2683 promptior
1129 2612 1396 2683 spiritusejusaucto·

182 2710 262 2765 ritate
275 2727 324 2764 sua
336 2710 405 2765 liber
416 2711 591 2780 praevalerem
603 2715 631 2765 et
641 2710 761 2764 lasciviae
772 2709 861 2764 carnis
878 2710 1005 2764 maxillas
1013 2708 1041 2764 in
1050 2725 1131 2763 camo
1143 2712 1172 2763 et
1188 2709 1268 2764 ireno
1279 2709 1396 2764 conetnn

181 2826 256 2879 gens,
266 2810 325 2863 Deo
334 2810 444 2878 placens
456 2810 521 2878 quia
529 2810 588 2864 Deo
600 2814 705 2879 patens,
718 2808 840 2865 occultus
851 2813 943 2863 autem
955 2808 1115 2863 hominibus
1124 2807 1152 2862 in
1163 2808 1219 2863 hoc
1230 2810 1312 2875 sacto,
1323 2807 1397 2863 cilicio

181 2907 454 2963 membradomabat
1408 2904 1432 2955 Β

222 3006 255 3064 3.
277 3007 395 3074 Eratque
413 3005 530 3059 cilicium
552 3005 642 3074 rigens
659 3005 730 3059 inter
749 3020 859 3058 minem
877 3003 1006 3058 mollibus
1026 3008 1089 3058 aute
1111 3002 1239 3058 vestitam
1260 3008 1289 3059 et
1306 3008 1399 3059 vestem

181 3103 332 3167 meliorem,
350 3101 460 3172 qualern
478 3102 549 3156 ferre
567 3100 682 3170 cogebat
698 3105 790 3155 tantus
808 3101 898 3154 honor
917 3105 998 3155 tantae
1016 3101 1089 3155 sedis
1104 3105 1133 3155 et
1149 3101 1246 3170 populi
1257 3099 1399 3157 reverentie

180 3202 342 3257 confluentis
363 3206 391 3255 et
409 3201 578 3271 temporibus
590 3201 691 3254 nostris
703 3216 764 3253 mos
782 3200 961 3254 exhibendus.
981 3199 1136 3254 Femoralia
1155 3199 1216 3269 ipsa
1233 3217 1317 3270 super
1332 3203 1401 3255 erant

180 3299 294 3366 cilicina,
307 3305 337 3354 ut
349 3300 442 3354 urticae
460 3299 543 3367 hujus
555 3315 634 3368 asper
651 3298 763 3353 aculeus
775 3298 900 3353 obviaret
911 3298 1001 3352 carnis
1018 3298 1078 3366 ejus
1089 3297 1243 3353 incentivis
1255 3299 1342 3369 Super
1350 3299 1401 3352 bec

179 3415 263 3468 supra
274 3415 384 3453 saccum
397 3398 544 3461 cilicinum,
556 3398 650 3452 subter
662 3402 767 3452 vestem
785 3398 942 3465 pretiosam,
953 3397 1094 3451 schemate
1111 3397 1263 3452 monachili
1282 3397 1311 3452 in
1321 3396 1402 3452 medio
1414 3396 1435 3448 u

179 3497 277 3552 tacitus
294 3497 430 3551 utebatur.
442 3496 502 3564 Qua
520 3496 637 3550 vestium
651 3496 783 3550 varietate
802 3496 1022 3549 circumamictus
1039 3496 1097 3550 Deo
1115 3495 1215 3564 dignus
1231 3496 1354 3565 pontifex
1369 3495 1403 3549 sic

179 3602 291 3652 ornatus
303 3596 447 3650 incedebat
455 3601 487 3651 ut
499 3595 527 3649 iu
535 3595 652 3649 fimbriis
664 3594 756 3649 aureis
768 3611 881 3664 operum
896 3594 1032 3648 bonorum
1042 3594 1181 3663 studiique
1194 3593 1404 3649 coelaetisomnis

178 3695 265 3764 gloria
272 3696 331 3762 ejus
340 3700 420 3758 esset,
429 3693 567 3763 simulque
578 3693 662 3748 variis
673 3693 718 3747 his
730 3693 855 3748 vestibus
868 3692 1050 3762 respondebat
1063 3692 1145 3746 variis
1158 3692 1304 3748 ordinibus
1314 3692 1405 3762 quibas

179 3791 236 3860 ipse
247 3796 362 3861 praeerat
378 3791 407 3844 in
418 3790 534 3845 ecclesia
551 3790 750 3856 cantuariensi,
769 3795 800 3844 ut
816 3789 944 3843 omnibus
962 3790 1106 3843 uniionuis
1124 3789 1255 3860 exemplo
1275 3790 1339 3845 vite
1355 3805 1405 3845 sue

178 3889 258 3944 bona
270 3890 399 3944 omnibus
408 3894 480 3944 esset
488 3889 546 3959 ipse
555 3889 639 3944 salus.
651 3889 748 3944 Ordini
757 3905 877 3958 namque
887 3888 1096 3950 monachorum,
1108 3887 1156 3956 qui
1172 3889 1202 3942 in
1214 3890 1315 3945 eadem
1327 3888 1405 3944 eccle·
1418 3888 1435 3940 a

178 3988 220 4043 sia
228 3988 359 4043 cardinati
372 3989 399 4042 in
410 3989 567 4044 hnmilitate
578 3993 606 4043 et
617 3988 778 4058 penitentia
787 3989 845 4043 Deo
857 3988 990 4049 serviunt,
1000 3991 1075 4041 veste
1087 3986 1238 4041 monachili
1256 3989 1406 4057 meritoque

178 4087 242 4141 vitae
252 4087 364 4142 humilis
376 4092 404 4141 et
416 4087 551 4156 poenitens
563 4088 622 4157 ipse
634 4088 809 4156 congruebat.
822 4087 916 4142 Ordiui
930 4085 1099 4148 clericorum,
1109 4085 1187 4154 cnjns
1198 4087 1259 4155 ipse
1274 4101 1404 4141 surnrnarn

178 4185 318 4240 obtinebat
336 4186 503 4255 dignitatem,
521 4191 597 4240 veste
615 4203 726 4256 quoque
743 4186 858 4256 nuptiali
876 4189 903 4239 et
914 4202 988 4255 purae
1005 4190 1033 4239 et
1048 4188 1148 4239 sancte
1165 4186 1269 4240 mentis
1281 4186 1405 4255 dignitus

177 4284 267 4340 honor
276 4289 304 4338 et
314 4285 464 4340 conformis
475 4290 533 4340 erat
546 4286 612 4355 ipse.

218 4383 253 4440 4.
274 4384 342 4438 Esca
353 4399 419 4437 vero
432 4383 490 4449 ejus
502 4398 566 4436 esca
577 4382 670 4436 dives:
683 4383 742 4450 ejus
754 4382 827 4436 enim
840 4398 936 4435 mensa
947 4382 1077 4450 frequens
1085 4386 1144 4435 erat
1153 4381 1258 4436 ordinis
1266 4382 1402 4451 utriusque
1414 4378 1435 4431 ll

179 4480 389 4536 convivantibus
408 4478 571 4533 numerosis.
592 4478 676 4548 Copia
700 4478 811 4548 quidem
836 4479 1003 4534 ferculorum
1022 4495 1119 4532 mensa
1141 4477 1221 4533 dives
1240 4482 1301 4533 erat
1320 4491 1403 4546 neque

178 4576 277 4630 modus
294 4574 448 4645 ponebatur
464 4573 678 4629 convivantibus
690 4572 822 4628 delicatis.
838 4573 888 4627 Dei
906 4590 974 4628 vero
989 4588 1154 4627 servusnon
1170 4572 1230 4643 ipsc
1246 4572 1343 4638 ventri,
1358 4569 1401 4625 sed

179 4679 302 4728 ventrem
320 4673 423 4727 servire
439 4673 492 4726 sibi
509 4672 613 4738 volens,
630 4672 745 4727 modum
765 4672 885 4741 ponebat
902 4672 992 4726 ventri
1007 4688 1065 4738 suo,
1078 4677 1104 4726 et
1117 4671 1241 4727 indicens
1251 4671 1303 4726 sibi
1320 4670 1398 4740 legen
