3142 5392
321 262 395 334 434
658 285 783 337 carru.
810 286 913 339 cono.
940 285 1218 339 uroroonrrmc.

323 491 379 528 suae
396 476 523 529 ellectum
540 492 591 545 pro
603 481 668 530 voto
685 478 835 546 susceperit
845 477 862 542 ¹,
875 477 952 542 irata,
964 483 1106 546 tamqnam
1118 479 1154 532 ad
1172 481 1295 532 sanctam
1311 478 1356 531 Dei
1371 478 1535 539 criminum
1561 442 1565 461 Ι

322 575 494 643 loquebatur,
507 576 614 630 dicens:
630 578 726 631 Omnes
745 579 865 632 homines
882 586 1001 632 occatam
1018 596 1034 631 o
1054 581 1207 633 visitatione
1221 580 1338 646 sepulcri
1351 581 1392 644 tei,
1405 582 1521 646 quim

324 677 463 729 exaudisti
473 694 522 730 nte.
533 677 564 729 ln
579 693 688 731 recessu
701 682 793 730 autem
811 694 862 731 suo
879 694 942 731 cum
955 677 1018 739 iilia,
1030 679 1065 732 ad
1077 677 1088 711 ¹
1100 677 1218 732 milliare
1234 680 1262 730 et
1273 677 1403 731 dimidium
1411 677 1459 732 filia
1466 694 1509 749 pre

324 774 410 829 nimio
423 775 518 829 dolore
534 776 616 844 coepit
633 778 739 830 sudare.
760 777 810 831 Cui
829 779 976 833 dormienti
995 777 1121 847 apparuit
1140 777 1169 830 in
1189 777 1296 831 somnis
1312 776 1498 845 mulierqueden
1563 757 1565 764 ,

324 872 467 941 splendida
485 873 563 936 facie,
584 874 761 942 candidisque
777 876 906 929 manibus
926 881 954 929 et
969 875 1116 944 gracilibus
1135 874 1237 929 liniens
1253 890 1349 944 corpus
1364 874 1511 943 ateqoetss
1554 918 1563 950 :

324 975 443 1038 pectore,
456 976 483 1024 et
495 972 587 1025 dicens
599 991 605 1024 ι
618 973 704 1041 Surye.
715 982 739 1027 et
751 976 866 1027 ambulo.
880 975 946 1042 Quae
959 975 970 1008 ¹¹
984 990 1083 1027 somno
1099 974 1290 1042 expergefacta
1307 977 1334 1027 et
1349 973 1419 1027 nimio
1431 974 1491 1027 solta
1553 1016 1564 1043 =.·

324 1068 442 1136 perlusa,
455 1085 517 1122 cum
529 1070 662 1138 paulatim
674 1075 768 1139 pectus
779 1069 922 1135 fricuisset,
940 1071 1059 1124 resoluta
1071 1075 1114 1124 est
1126 1075 1154 1125 et
1171 1070 1207 1124 ab
1225 1070 1352 1125 omnihus
1367 1069 1491 1125 incommodis
1553 1120 1561 1145 :

326 1168 384 1222 suis
394 1167 518 1221 liberata
1558 1232 1563 1239 Ι

272 1276 302 1315 ¹¹¹
368 1266 425 1324 93.
446 1269 514 1322 ltem
527 1268 679 1322 llachtildis
690 1268 702 1302 ⁴
715 1270 748 1323 de
760 1269 876 1334 Wctual,
888 1273 1017 1337 quartum
1029 1286 1133 1323 annum
1144 1269 1234 1323 aetatis
1245 1285 1336 1338 mens,
1350 1269 1384 1323 sic
1394 1267 1494 1322 infoderit
1559 1306 1565 1339 2

212 1357 220 1373 ⁹
326 1367 379 1420 suit
390 1366 521 1430 involuta,
533 1370 564 1419 ut
576 1366 701 1420 membra
712 1367 772 1434 ejus
783 1383 846 1421 cum
858 1370 1034 1436 tangerentur
1052 1382 1152 1421 sonum
1168 1366 1248 1436 quasi
1259 1366 1332 1436 liqna
1343 1367 1409 1420 arida
1418 1364 1522 1419 reddidett

327 1470 397 1519 runt.
407 1464 510 1518 Gibbus
522 1465 550 1518 in
563 1465 653 1528 dorso,
665 1466 693 1519 iu
705 1469 815 1534 pectore
826 1470 932 1519 struma
940 1481 1001 1519 eam
1011 1464 1093 1518 nimis
1104 1465 1259 1519 deformem
1268 1469 1297 1518 et
1307 1462 1499 1518 contrectantem

326 1569 398 1618 runt.
415 1563 503 1618 Missis
518 1565 629 1618 taudem
647 1565 744 1618 hostiis
761 1570 878 1618 amatre
889 1569 1035 1619 contractae
1048 1564 1082 1618 ad
1100 1563 1239 1617 tumulum
1257 1563 1344 1617 beatae
1359 1562 1503 1623 lllirabetlnir

326 1662 433 1732 signum
454 1662 518 1716 fidei
536 1679 592 1716 suae
608 1667 635 1717 ct
649 1663 747 1717 dehine
763 1663 957 1725 venerationis,
973 1663 1063 1731 puella
1084 1661 1168 1731 coepit
1184 1661 1331 1716 meliorari.
1343 1658 1505 1717 obiectent

325 1766 388 1830 post
399 1761 499 1815 testum
516 1762 590 1815 beati
601 1763 741 1816 Michaelis
755 1763 935 1831 personaliter
946 1760 1194 1831 peregrinationem
1207 1761 1273 1816 dicti
1284 1762 1395 1831 sepulcri
1406 1760 1508 1829 arripiam

327 1860 428 1915 ibidem
442 1862 522 1930 plene
534 1867 631 1916 sanata
643 1867 693 1917 cst.
1517 1854 1537 1907 ¹¹

263 1969 302 2006 ¹¹¹¹
367 1959 427 2018 84.
446 1959 527 2028 Apud
544 1960 771 2014 Frankenvoert⁸
793 1961 821 2013 in
842 1960 945 2013 diocesi
964 1957 1142 2028 liaguntensi
1163 1957 1274 2025 quidam
1295 1957 1434 2017 Conrodus,
1446 1954 1512 2026 viginti

326 2075 462 2113 annorum
480 2058 606 2122 existens,
626 2075 643 2111 a
662 2058 770 2127 cingulo
792 2058 920 2111 deorsum
941 2073 1040 2126 corpus
1060 2072 1123 2109 cum
1144 2055 1250 2123 viribus
1270 2045 1428 2124 perdiderat;
1441 2068 1481 2107 uec
1494 2068 1514 2104 ee

327 2158 459 2211 movere¹
471 2162 579 2226 poterat
590 2157 641 2210 nisi
659 2173 744 2211 manu
764 2158 884 2225 priorem
902 2162 1006 2225 partem
1025 2155 1067 2208 sui
1083 2155 1213 2217 traheret,
1231 2160 1259 2208 et
1275 2158 1369 2223 postea
1385 2157 1516 2223 sequentem

327 2257 441 2325 Insuper
449 2256 562 2325 gibbum
574 2273 703 2325 magnum
713 2255 742 2309 in
751 2256 832 2310 dorso
842 2256 970 2309 habebat.
983 2256 1121 2308 Deductus
1133 2259 1226 2308 autem
1236 2270 1270 2307 ex
1280 2259 1345 2308 voto
1357 2255 1390 2308 ad
1398 2252 1518 2322 sepulcrm

327 2356 415 2409 beatae
426 2354 565 2409 Eliaabeth
577 2356 605 2408 in
615 2371 704 2417 curru,
713 2360 741 2408 et
752 2354 839 2409 tribus
848 2355 887 2408 ibi
899 2354 1120 2408 hebdomadibus
1131 2369 1319 2421 perseverans,
1331 2357 1431 2406 tantum
1441 2346 1549 2418 cobbo!

327 2458 440 2508 sanatus
452 2459 500 2508 est
510 2453 562 2521 Qui
575 2455 702 2507 reductus
714 2454 741 2506 in
754 2453 817 2522 biga
828 2454 901 2507 unde
916 2456 1035 2515 venerat,
1047 2450 1186 2520 pollicitus
1198 2452 1334 2520 estquod,
1346 2453 1408 2505 data
1422 2449 1521 2504 facultate

328 2553 477 2622 gradiendi,
486 2553 551 2621 quia
568 2558 723 2606 contractus
731 2557 798 2618 erat,
810 2553 913 2621 pedes⁸
925 2551 1080 2621 sepulcrum
1093 2556 1196 2604 sancta
1209 2552 1342 2605 visitaret.
1351 2550 1399 2604 Cui
1410 2550 1436 2603 iu
1445 2546 1523 2602 sonnis

330 2651 403 2705 dicto
415 2651 490 2719 quod
502 2650 686 2723 restituendus
698 2654 769 2703 esset
785 2649 904 2714 sanitati,
917 2649 997 2718 coepit
1008 2666 1038 2702 se
1051 2649 1163 2717 erigere,
1175 2656 1202 2703 et
1220 2650 1332 2702 tandem
1349 2648 1458 2718 perlecta
1472 2644 1524 2698 sani

332 2754 388 2803 tate
400 2749 509 2818 gavisus
521 2754 570 2803 est.

290 2855 307 2890 ¹¹
373 2845 431 2904 95.
451 2845 520 2899 ltcm
532 2846 645 2915 quidam
657 2862 724 2914 puer
733 2861 779 2897 sex
790 2861 933 2908 annorum,
941 2843 1061 2896 Heinrici
1071 2844 1150 2907 silius,
1160 2843 1188 2897 in
1200 2843 1303 2898 diocesi
1315 2836 1557 2911 ttaguntensipoettt

333 2946 402 2998 duos
414 2959 501 2996 annos
518 2959 534 2995 a
552 2941 694 2995 nativitate
714 2941 868 2994 infirmatus
886 2940 1009 2994 centrahi
1027 2941 1115 3009 coepit,
1135 2945 1166 2993 ut
1184 2939 1311 2992 incedere
1329 2955 1384 2993 non
1403 2941 1483 3006 posset
1490 2933 1528 2987 nisi

331 3041 460 3095 manibus
477 3058 558 3110 super
569 3057 658 3110 genua
669 3040 773 3109 positis,
790 3041 933 3109 capiteque
946 3038 1075 3092 inclinato
1087 3054 1175 3106 usque
1187 3038 1222 3091 ad
1236 3054 1333 3105 genua.
1345 3037 1456 3091 Gibbum
1466 3033 1528 3087 etiam

333 3155 461 3207 magnum
481 3140 515 3192 od
532 3138 713 3207 quantitatem
732 3137 827 3206 capitis
839 3138 915 3206 pueri
927 3136 1035 3190 noviter
1046 3136 1103 3189 nati
1120 3136 1150 3189 in
1167 3135 1249 3189 dorso
1266 3135 1395 3189 habebat
1410 3134 1469 3188 Tres
1482 3145 1530 3198 erqo

332 3239 421 3292 vidum
434 3239 468 3290 ad
488 3238 649 3306 petitionem
667 3237 752 3305 patris
764 3236 818 3289 tale
829 3252 878 3304 pro
890 3251 975 3304 puero
988 3241 1082 3288 votum
1101 3234 1246 3297 iaciebant,
1258 3236 1333 3302 quod
1345 3236 1432 3303 ipsum
1441 3246 1531 3302 puerum

332 3337 368 3390 ad
380 3336 515 3390 tumulum
528 3336 615 3389 beata
627 3335 767 3389 Elisabeth
787 3336 932 3397 deferrent,
944 3351 1006 3387 curn
1018 3333 1124 3397 hostiis,
1136 3334 1288 3387 secundum
1307 3334 1458 3387 facultatem
1472 3327 1565 3383 suamii

333 3435 445 3504 singulis
458 3435 536 3489 annis
548 3434 701 3488 offerendis
713 3433 811 3487 Statim
827 3449 894 3502 puer
906 3432 1005 3501 incepit
1017 3432 1091 3501 erigi,
1104 3437 1130 3484 et
1142 3432 1275 3501 paulatim
1288 3432 1372 3501 gibbo
1383 3433 1536 3486 evanescente

334 3540 447 3588 sanatus
456 3534 616 3588 ambulavit.

283 3644 310 3680 Ἦ
376 3632 434 3690 96.
455 3632 595 3685 Corradus
608 3632 641 3685 de
650 3630 918 3683 Frankenvortanno
929 3629 1032 3697 integro
1042 3634 1069 3682 et
1081 3644 1114 3681 co
1127 3627 1247 3695 amplius
1259 3644 1374 3681 movere
1383 3628 1395 3663 ⁹
1404 3623 1540 3694 nonpotuit

335 3732 401 3800 quia
417 3730 496 3783 valde
514 3732 669 3781 contractus
686 3730 752 3779 crat.
764 3726 847 3778 Facto
860 3729 924 3777 voto
937 3724 1018 3777 eundi
1037 3725 1071 3777 ad
1084 3722 1222 3777 tumulum
1242 3723 1329 3777 beatae
1341 3724 1484 3785 Elisabeth,
1494 3734 1542 3773 cum

336 3835 408 3884 esset
424 3829 574 3892 mendicus,
587 3827 655 3880 nihil
676 3826 790 3888 habens,
811 3825 839 3878 in
859 3824 974 3878 ecclesia
993 3823 1101 3892 publice
1125 3823 1309 3876 mendicabat.
1328 3823 1384 3878 Ubi
1403 3838 1419 3875 a
1438 3819 1565 3875 fidelibust

337 3929 496 3983 necessariis
508 3928 559 3980 sibi
572 3926 719 3994 acquisitis.
731 3925 863 3978 deductus
876 3927 917 3976 cst
928 3924 963 3976 ad
975 3922 1111 3976 tumulum
1127 3922 1329 3975 desideratum:
1342 3927 1371 3976 et
1379 3923 1466 3992 primo
1476 3921 1497 3955 ¹⁰
1506 3918 1547 3972 illie

338 4029 451 4098 gibbum
461 4027 581 4096 reliquit;
594 4042 689 4080 verum
700 4025 820 4078 secundo
828 4023 851 4058 ¹¹
861 4020 967 4077 erectus
976 4028 1050 4076 totus
1059 4027 1086 4076 et
1097 4026 1210 4075 sanatus
1219 4027 1268 4075 est.

278 4138 316 4176 ¹¹¹¹
380 4128 438 4186 97.
459 4127 576 4194 Quidam
588 4123 719 4193 gibbosus
732 4122 762 4186 ¹¹,
774 4120 821 4189 qui
830 4120 913 4173 etiam
926 4120 960 4173 ab
974 4135 1029 4172 una
1041 4118 1153 4187 scapula
1166 4118 1350 4187 caputlevarc
1360 4135 1416 4172 non
1425 4119 1552 4187 potuiter

340 4227 497 4296 episcopatu
507 4221 631 4276 Treveris
643 4221 678 4272 ad
688 4218 824 4271 tumulum
838 4218 925 4270 beatu
934 4216 1056 4270 mulieris
1066 4217 1232 4284 deportatus,
1241 4214 1296 4268 illic
1305 4214 1387 4283 plene
1399 4219 1555 4268 sanatusest

373 4408 383 4442 ¹
396 4423 451 4460 non
463 4402 697 4471 susceperitombo
706 4401 781 4453 codd.
791 4428 822 4436 —
833 4398 843 4430 ¹
853 4399 929 4450 arieto
940 4399 1014 4450 codd.
1025 4412 1049 4448 a.
1067 4396 1123 4433 -³
1140 4394 1200 4460 Quo
1219 4395 1243 4448 i.
1259 4422 1291 4432 -
1309 4395 1321 4428 ⁴
1342 4395 1520 4449 mathildae
1535 4422 1559 4433 -

340 4486 439 4541 ¹¹omtao
448 4488 522 4539 codd.
533 4485 613 4537 idern.
627 4512 657 4518 -
667 4482 679 4513 ¹
688 4479 875 4532 Fraukcnvort
885 4478 908 4530 a.
919 4505 950 4515 -
962 4476 1088 4529 ¹moveri
1101 4475 1155 4540 Li.
1168 4505 1200 4512 —
1210 4475 1222 4508 ⁸
1231 4477 1294 4529 odd.
1307 4475 1369 4542 ejus
1382 4480 1409 4529 in
1425 4479 1450 4539 l,
1461 4480 1507 4530 sed
1517 4475 1562 4529 ini

340 4573 391 4624 hac
402 4587 452 4623 coc
461 4571 533 4622 tineo
543 4568 626 4619 deleto
638 4571 683 4617 est.
695 4592 727 4599 —
737 4561 749 4596 ⁹
758 4560 895 4641 moverit.
907 4587 938 4597 -
950 4558 1069 4626 ¹⁰prima
1080 4556 1299 4626 peregrinatione
1309 4559 1334 4610 Ξ.
1344 4587 1372 4595 -
1387 4560 1409 4592 ¹¹
1419 4557 1563 4613 secundat

341 4683 372 4691 -
382 4653 405 4687 ¹¹
414 4650 549 4719 gebbosus
557 4648 580 4701 l.
