3142 5392
182 112 274 163 amu.
292 111 373 164 nec.
391 111 564 163 suumin.
583 133 629 143 —-
647 112 795 164 apruno.
813 113 860 164 ao
878 113 956 165 con.
976 105 1014 164 ΝΟ
1031 112 1156 165 esst-n.
1214 93 1284 164 377

25 318 43 385 ’ἢ
71 303 194 359 nuttam
216 300 338 368 ejusdem
349 301 451 354 nobilis
470 301 591 355 constitit
609 301 638 355 in
656 301 776 356 instanti.
787 302 855 356 Ecce
876 303 1014 371 quomodo
1032 304 1062 357 in
1079 303 1175 371 spiritu
1192 302 1285 357 statim

74 400 190 471 coguovit
207 401 497 454 excommunicationis
519 400 661 469 flagitium,
684 406 711 454 et
732 402 880 470 prudenter
901 401 1030 470 praecavit
1053 402 1285 456 excommunicati

78 497 219 567 alloquium,
230 502 258 550 et
274 514 323 565 per
339 514 510 567 consequens
527 498 742 568 participationis
759 499 915 568 contagium
933 500 1087 554 declinavit
1100 501 1131 554 In
1144 517 1198 570 quo
1212 500 1285 554 iacto

80 592 192 648 rbtntem
206 597 433 650 etauctoritatem
446 595 564 650 clavium
581 597 705 651 Ecclesiae
722 597 796 651 fideli
810 599 966 651 testimonio
985 603 1013 651 et
1028 598 1103 651 fideli
1121 599 1285 667 compendio

58 692 268 751 sommendarit.
279 693 337 747 Hoc
350 700 442 749 autem
455 695 570 749 fideliter
581 695 661 749 nobis
670 696 761 749 retulit
773 696 844 749 idem
857 696 952 760 abbas,
961 698 1035 766 quod
1045 714 1095 751 nec
1105 697 1161 766 ipse
1170 704 1286 751 noverat

86 788 187 842 nobilem
200 791 435 858 prenominatum.

118 883 169 945 20.
189 888 251 956 Quis
262 893 354 941 autem
367 888 471 942 tructus
482 889 625 958 proveniat
637 890 670 943 de
687 889 797 957 virginis
817 890 943 959 passione
963 897 990 944 et
1011 892 1044 943 dc
1057 890 1089 943 iis
1110 907 1171 960 quie
1193 890 1285 944 divina

39 966 48 983 ”
90 980 320 1038 rirbsmirabiliter
331 989 459 1053 operatur
470 984 498 1038 in
515 984 581 1053 ipsa,
599 985 676 1038 novit
692 985 765 1039 idem
784 986 924 1050 Dominus
945 988 1031 1055 cujus,
1047 988 1125 1054 juxta
1142 987 1286 1056 Scripturae

92 1079 257 1148 testimonium,
277 1099 363 1136 vacua
375 1099 431 1137 non
447 1088 511 1136 sunt
522 1100 612 1152 opera,
622 1085 670 1137 sed
686 1085 814 1153 perfecta.
826 1085 928 1138 Eadem
947 1102 1011 1139 vero
1029 1086 1120 1155 puella
1131 1085 1287 1154 petentibus

54 1174 180 1247 tttbipsa
192 1198 224 1235 an
242 1181 324 1236 vellet
341 1181 452 1236 liberari
469 1199 485 1235 a
502 1184 589 1251 poenis
608 1200 677 1252 quas
689 1183 791 1252 patitur
811 1185 882 1238 ultra
901 1184 979 1247 vires,
993 1184 1046 1238 tale
1067 1185 1210 1238 consuevit
1221 1184 1286 1238 dare

93 1285 239 1344 ¹telloneum:
251 1282 324 1351 quod
335 1286 443 1336 nonest
462 1282 560 1350 aliquis
577 1286 633 1336 tam
653 1282 803 1351 flagitiosus
822 1289 957 1352 peccator,
976 1289 1032 1336 tam
1053 1283 1216 1346 incredulus,
1229 1289 1285 1338 tam

93 1383 216 1443 terremus
225 1385 280 1433 tam
290 1380 419 1449 perditus,
431 1380 497 1449 quin
509 1381 625 1435 libenter
634 1382 759 1435 sufferret
767 1382 867 1435 similia
877 1382 919 1435 rel
929 1383 1043 1449 majora,
1052 1383 1075 1436 si
1085 1382 1185 1435 sentire
1195 1387 1287 1451 posset

93 1478 262 1535 ettttsolationes
273 1485 300 1535 et
309 1482 414 1535 iructus
423 1482 520 1536 exinde
529 1487 682 1551 sequentes
691 1483 924 1550 quemadmodum
934 1483 993 1552 ipsa
1002 1484 1092 1537 sentit.
1100 1482 1286 1536 Intelleximus

92 1569 157 1629 ‘fitur
166 1595 208 1647 per
216 1581 363 1649 quamdam
381 1581 434 1635 sule
446 1581 633 1650 dignissimam
645 1598 798 1650 personam,
810 1598 893 1651 quam
911 1587 1021 1651 propter
1032 1582 1128 1636 secreti
1146 1598 1286 1636 commen·

54 1662 202 1731 “dionem
213 1680 326 1749 prodere
347 1695 403 1733 non
421 1681 562 1744 audemus,
574 1681 648 1749 quod
665 1681 815 1749 saepedictae
835 1680 946 1749 virginis
966 1681 1120 1735 innocentis
1140 1681 1286 1744 orationes,

87 1775 211 1841 Mones,
222 1782 475 1850 supererogationes
482 1781 569 1834 multa
578 1781 663 1835 millia
671 1782 824 1835 animarum
835 1781 975 1835 avinculis
982 1787 1154 1850 peccatorum
1165 1787 1192 1834 et
1200 1780 1286 1849 poenis

10 1942 14 1959 .
84 1875 210 1943 miratorii
226 1879 384 1934 liberarunt.
397 1880 502 1949 Quippe
524 1896 586 1933 cum
607 1880 661 1934 fide
678 1886 706 1934 et
722 1880 866 1935 dilectione
885 1886 941 1934 tam
962 1881 1107 1950 singularis
1124 1881 1286 1934 innocentiae

10 1984 12 1993 '
81 1974 154 2029 italia
169 1977 305 2033 sufficeret
315 1981 350 2033 ad
362 1980 556 2041 salutemztot
569 1984 645 2033 tanta
656 1985 684 2034 et
696 1980 761 2033 talia
778 1985 970 2049 supererogata
992 1980 1090 2033 merito
1109 1980 1169 2034 aliis
1186 1980 1286 2033 debent

77 2072 200 2138 Proicere,
211 2093 245 2131 ne
257 2078 312 2131 sint
323 2079 436 2141 irustra;
448 2079 514 2148 quin
532 2079 616 2133 immo
634 2096 696 2132 cum
716 2079 819 2132 ioenore
836 2079 923 2133 multo
932 2079 1089 2142 redduntur,
1101 2076 1222 2132 maxime
1233 2079 1286 2133 illis

36 2146 62 2203 η
75 2171 118 2231 tui
127 2176 324 2245 compatiuntur
335 2178 431 2247 virgini
444 2178 556 2247 patienti
570 2184 597 2232 et
607 2195 657 2247 pro
667 2179 767 2247 quibus
775 2178 892 2231 allicitur
903 2179 975 2232 dicta
987 2178 1070 2246 virgo.

111 2270 162 2329 27.
184 2274 236 2329 Pro
249 2275 379 2329 omnibus
395 2281 487 2330 autern
500 2275 617 2329 afficitur
629 2281 656 2329 et
667 2275 796 2328 omnibus
808 2274 867 2328 vult
882 2275 1006 2328 salutem.
1019 2274 1122 2329 Omnes
1133 2275 1167 2327 ad
1179 2273 1284 2328 conses-

71 2364 165 2426 sionem
178 2376 206 2426 et
216 2371 404 2441 poenitentiam
417 2371 585 2425 exhortatur.
598 2372 698 2425 Contra
710 2371 831 2439 ingratos
842 2371 988 2434 invehitur,
1001 2371 1074 2424 etad
1086 2371 1181 2424 laudes
1192 2369 1283 2423 Salva·

71 2465 130 2524 ton's
139 2477 166 2524 et
174 2471 321 2540 gratiarum
331 2470 453 2524 actiones
461 2470 565 2524 invitat
576 2470 662 2539 Ipsius
672 2474 744 2523 totus
753 2469 781 2522 in
789 2470 889 2523 talibus
899 2471 985 2523 servet
994 2469 1073 2523 zelus.
1083 2470 1172 2523 Semel
1182 2474 1283 2533 autem,

71 2565 130 2623 deut
141 2586 212 2623 nunc
223 2570 284 2623 haec
295 2570 439 2624 scribendo
451 2585 514 2623 mea
524 2569 592 2623 mihi
606 2574 739 2638 quantum
752 2569 786 2621 ad
798 2568 858 2623 haec
865 2569 940 2637 prius
949 2569 1037 2638 sopita
1046 2568 1180 2622 memoria
1188 2584 1283 2636 repres-

22 2640 56 2705 23
68 2673 155 2731 estat
177 2669 274 2723 eadem
298 2668 388 2737 puella
406 2669 490 2723 febris
510 2673 650 2737 quartanae
669 2668 798 2722 violentia
818 2668 890 2721 ultra
914 2668 968 2721 alia
988 2669 1126 2722 ordinaria
1145 2672 1283 2722 tormenta

68 2765 249 2819 miserabiliter
261 2770 326 2818 tunc
337 2765 447 2829 afflicta,
459 2765 494 2819 ad
510 2781 555 2818 me
567 2765 685 2847 dirigens
697 2765 799 2827 oculos,
811 2765 881 2818 sicut
893 2766 981 2834 potuit
993 2766 1066 2819 hunc
1084 2765 1212 2833 explicuit
1223 2781 1283 2817 sen·

66 2877 119 2919 mm
131 2865 207 2918 verbi
216 2883 223 2918 ι
232 2866 349 2919 Domine
359 2866 442 2919 abbas
456 2866 631 2931 &cruceliis
647 2867 762 2918 stultum
774 2867 871 2919 debetis
883 2882 939 2919 esse
950 2873 1066 2918 attentus
1076 2869 1105 2918 in
1113 2867 1221 2918 lacedem
1233 2866 1285 2917 Dei

66 2966 305 3032 etprndiccticnem
316 2967 436 3017 sentinis
447 2966 515 3031 ejus,
527 2972 551 3018 et
561 2966 680 3031 diripere
696 2968 805 3018 artimus
816 2966 853 3017 cd
869 2967 990 3018 saliatem.
1002 2964 1067 3017 Haec
1080 2970 1107 3017 et
1119 2963 1171 3016 alia
1183 2963 1283 3016 similia

63 3063 256 3131 prosequendo,
265 3063 363 3117 erectis
372 3079 479 3116 sursum
489 3063 575 3117 oculis
589 3065 693 3132 rapitur
704 3065 732 3117 in
741 3064 869 3126 instanti;
882 3068 910 3116 et
922 3068 1010 3117 totum
1023 3079 1121 3132 corpus
1130 3062 1245 3130 rigidum
1256 3067 1284 3115 et

20 3154 49 3213 ὃ)
61 3165 122 3216 tnnc
132 3162 238 3215 motivo
250 3177 299 3215 seu
312 3167 441 3216 movente
452 3162 548 3230 spiritu
566 3163 735 3227 destitutum,
747 3181 763 3216 a
776 3169 894 3217 tremore
907 3169 934 3216 et
945 3162 1036 3216 febrili
1053 3162 1145 3215 dolore
1157 3161 1283 3214 cessavit.

98 3259 158 3318 28.
182 3258 361 3312 Postmodum
369 3275 435 3313 vero
441 3260 500 3327 jam
509 3259 604 3328 spiritu
613 3277 730 3323 reverso,
737 3278 799 3315 cum
809 3261 881 3329 apud
890 3276 942 3313 nos
951 3260 984 3313 dc
994 3258 1156 3313 humilitatis
1167 3257 1283 3312 materia

58 3362 226 3422 tractaretur,
237 3356 335 3425 petivit
351 3356 387 3409 ab
405 3355 550 3425 interprete
566 3362 668 3419 nostro,
685 3356 885 3410 Claraevallensi
902 3358 1039 3410 monacho
1059 3354 1217 3409 theutonico
1229 3353 1282 3409 sibi

56 3464 131 3521 noto,
143 3456 298 3526 cujusmodi
310 3472 400 3510 sermo
413 3461 478 3510 tunc
489 3456 560 3510 inter
571 3472 621 3510 uos
632 3456 786 3509 haberetur.
799 3456 859 3522 Quo
873 3457 1068 3524 respondente:
1082 3457 1122 3508 De
1130 3455 1284 3507 isusniliiatc

54 3558 188 3623 fltmmo,
195 3556 289 3610 statim
299 3556 357 3624 ipsa
365 3555 508 3622 subjunxit
515 3555 683 3623 simplicibus
693 3554 797 3607 verbis:
808 3556 839 3607 Si
847 3557 879 3607 de
887 3556 1038 3607 buiriilitote
1047 3556 1128 3607 vultis
1136 3555 1283 3617 addiscere,

11 3655 36 3707 ts
52 3659 124 3711 eatis
142 3657 296 3710 aderiscius
308 3657 469 3709 dulcissime
485 3656 607 3709 Domine
626 3663 729 3716 nostra,
747 3657 863 3720 virginis
876 3656 979 3718 Maris,
1001 3654 1154 3706 dulcissimi
1171 3655 1284 3706 Domini

51 3758 144 3810 nourr·
153 3756 221 3808 Jcsu
234 3755 339 3808 Christi
349 3755 513 3808 dulcissime
521 3756 670 3821 genitricis.
683 3755 748 3821 Ipsa
763 3757 835 3806 cuim
855 3771 960 3806 summa
979 3761 1017 3806 est
1039 3755 1162 3819 gloriose
1172 3753 1282 3805 bussili-

49 3857 119 3908 Μία
130 3856 272 3922 magistra
283 3853 355 3906 Dum
365 3869 431 3907 vero
443 3853 477 3907 de
488 3853 643 3907 humilitate
656 3853 776 3922 etgloria
789 3852 904 3921 Virginis
915 3852 1047 3920 gloriosse.
1057 3856 1137 3920 prout
1145 3868 1194 3920 per
1203 3851 1283 3904 inter·

47 3957 160 4025 prelem
183 3952 333 4020 intelligere
356 3952 503 4020 potuimus,
525 3951 685 4005 mirabiliter
707 3957 735 4005 et
754 3952 836 4005 solito
861 3951 949 4020 magis
969 3950 1094 4004 alacriter
1117 3950 1281 4020 loqueretur,

46 4052 211 4123 supervenit
227 4051 356 4120 praetatus
367 4052 463 4116 abbas,
479 4057 588 4106 curator
600 4052 680 4106 illius.
693 4051 754 4118 Qui,
766 4051 903 4105 intellecto
921 4051 994 4121 quod
1013 4051 1047 4104 de
1060 4050 1176 4104 Domina
1188 4056 1283 4104 nostra

11 4153 220 4221 eloqueretur,
231 4150 313 4220 coepit
323 4150 411 4205 ridere
423 4156 450 4206 et
466 4151 555 4205 dicere
578 4151 658 4204 nobis
675 4151 749 4219 quod
767 4151 824 4219 ipsa
841 4150 939 4218 puella,
956 4149 1066 4219 quando
1090 4149 1184 4217 incipit
1205 4148 1281 4218 loqui

40 4253 83 4308 de
95 4249 217 4320 gloriosa
223 4248 341 4319 Virgine,
350 4264 547 4317 nonnunquam
558 4248 585 4302 iu
594 4248 728 4317 quosdam
740 4263 917 4316 prorumpere
929 4248 1072 4302 consuevit
1081 4263 1208 4300 excessus
1215 4266 1222 4310 ;
1231 4262 1281 4300 nec

38 4352 211 4419 loquentem
222 4347 381 4418 quempiam
391 4349 425 4401 de
435 4347 493 4417 ipsa
505 4348 624 4401 Domina
634 4347 752 4401 libenter
763 4347 847 4410 audit,
856 4347 908 4401 nisi
918 4347 1003 4416 ipsam
1017 4345 1282 4416 appellareritvirgi·

37 4466 112 4507 nem
131 4446 247 4502 llariam
263 4447 307 4500 vel
329 4446 462 4516 Reginam
484 4446 576 4516 gloriae
599 4464 648 4501 seu
667 4446 812 4500 Dominam
831 4445 950 4516 paradisi
968 4447 1012 4500 vel
1033 4445 1210 4513 hujusmodi:
1231 4460 1281 4499 nec
