3142 5392
159 294 252 345 sisu.
271 294 351 345 nno.
370 294 541 345 aauxcuu.
562 314 608 322 —
628 294 773 345 apruno.
793 295 838 344 ao
857 294 935 343 coo.
954 284 992 343 ΝΟ
1010 290 1134 344 aus-ro.
1190 272 1264 346 453

236 483 313 537 Dodo
326 488 435 537 tumens
448 483 537 536 bursis
550 483 695 535 celerarius
709 484 718 515 ¹
731 499 768 535 aes
780 480 928 549 bajulabat.

235 580 311 633 [lodo
324 579 393 633 duos
405 595 535 633 nummos
547 578 634 633 voluit
645 578 768 632 conferre
780 578 911 642 scholari;

234 678 288 732 Nee
300 682 428 747 poterant
440 678 475 731 ab
484 694 517 732 eo
531 683 595 731 tuuc
605 678 696 746 plures
708 677 848 731 excoriari.

235 778 293 831 Hoc
304 779 388 830 nimia
399 784 437 830 eat
448 779 590 841 rnodieum,
600 776 674 845 prior
686 776 781 844 inquit
790 776 855 829 Plus
865 777 930 829 dare
939 775 1021 838 dixin

236 877 288 929 Sed
300 877 416 930 transire
428 877 497 930 duos
509 876 631 930 Dodouis
642 875 728 944 gratia
741 876 834 929 nescit.

235 975 408 1028 Descendens
420 975 455 1027 ah
468 991 548 1042 equo,
557 974 657 1043 caligas
665 975 718 1028 sub
727 978 802 1027 reste
814 975 931 1027 latentes

235 1073 354 1127 Abstulit
362 1090 380 1126 a
391 1073 517 1141 scapulis,
527 1073 657 1126 novitatis
667 1073 734 1126 llore
747 1073 876 1127 nitentes.

235 1172 293 1225 Has
301 1188 369 1241 puer
377 1172 490 1241 accepit,
499 1171 667 1240 gratissimus
677 1172 739 1225 inde
751 1173 848 1226 datori.

236 1271 295 1325 Hoc
304 1271 373 1325 vidit
381 1271 459 1325 Dodo
466 1289 473 1334 ;
483 1271 582 1324 celavit
591 1275 618 1325 et
627 1270 679 1324 isla
691 1271 783 1339 priori.

203 1477 255 1533 De
278 1474 434 1546 propriis
456 1475 494 1533 et
513 1473 732 1533 necessariis
753 1473 823 1532 sibl
843 1476 953 1533 rebus
975 1474 1100 1533 debat.

304 1683 406 1737 Taliter
415 1700 447 1736 ex
461 1683 576 1752 propriis
589 1684 671 1735 rebus
683 1682 821 1736 tribuebat
832 1683 932 1751 egenis,

238 1782 313 1848 Quas
324 1781 467 1834 iurabatur
477 1780 588 1833 sibimel
599 1779 710 1834 devotio
719 1779 796 1833 leuis.

238 1879 299 1934 Non
309 1879 371 1949 plus
382 1895 465 1949 quam
479 1878 602 1947 geminas
611 1878 655 1931 rel
667 1883 722 1932 tres
734 1878 833 1947 caligas
846 1878 993 1941 retinebat;

238 1980 317 2045 Quod
330 1978 537 2048 superaccrevit,
550 1978 602 2031 boc
615 1981 703 2031 totum
717 1994 821 2047 pauper
831 1977 960 2030 habebat.

239 2079 283 2132 Sic
296 2078 356 2146 ejus
367 2078 473 2131 tunicas
482 2092 628 2130 numerum
637 2092 752 2130 summae
764 2076 880 2130 Deitatis

242 2179 313 2231 Dum
324 2177 400 2245 prior
412 2181 484 2229 esset
495 2176 586 2229 adhue
598 2192 739 2244 nunquam
751 2176 881 2230 transisse
893 2176 994 2230 sciatis.

240 2275 316 2342 Saepe
327 2274 419 2327 miuus
430 2289 515 2341 quam
524 2277 580 2326 tres
591 2278 684 2326 tamen
697 2273 741 2326 hic
753 2273 883 2327 habuisse
892 2277 1010 2342 putetur,

239 2372 315 2427 Sicut
324 2372 350 2425 in
363 2372 498 2440 exemplo,
508 2372 582 2440 quod
594 2387 660 2424 mox
669 2372 799 2434 recitabo.
812 2372 927 2425 videtur.

200 2577 253 2635 De
273 2575 381 2646 porta
401 2575 519 2633 nudus
539 2574 649 2632 rediit
669 2574 718 2633 ad
739 2573 916 2633 officinam
937 2573 1112 2634 conversi.

307 2764 455 2832 Cuiusdam
465 2764 557 2817 fratris
569 2780 707 2818 cameram
721 2765 796 2832 prior
808 2765 859 2818 isle
867 2765 971 2819 subivit
1025 2748 1027 2753 ¹

241 2863 293 2931 Qui
302 2869 426 2933 superest
437 2868 465 2917 et
473 2864 563 2917 adhue
576 2879 725 2917 conversus
736 2864 764 2917 in
777 2863 879 2918 Ordine
891 2864 967 2919 vivit

240 2964 326 3017 Totus
335 2968 394 3016 erat
402 2964 493 3016 nudus
501 2963 620 3016 domnus
631 2962 713 3031 prior,
722 2962 826 3031 absque
838 2964 960 3018 cuculla:

241 3063 341 3116 Praeler
349 3078 433 3131 quarn
446 3061 533 3116 solam
544 3061 656 3126 ’,vestis
668 3061 719 3114 slbi
729 3078 785 3116 non
795 3062 847 3115 fuit
859 3061 923 3116 ulla.

240 3162 288 3215 llle
298 3162 396 3215 videus
407 3160 479 3224 risit;
492 3165 520 3213 et
531 3166 633 3228 postea,
645 3166 738 3214 mente
751 3161 887 3226 misertus,

242 3260 313 3328 Quid
320 3261 395 3329 prior
408 3261 508 3329 egisset
520 3261 554 3313 de
563 3265 638 3313 vesle
651 3261 717 3313 satis
725 3261 796 3314 bene
804 3265 903 3323 certus,

160 3424 164 3431 ¹
241 3361 329 3413 llnam
341 3360 375 3412 de
385 3359 502 3428 propriis
512 3359 611 3412 tunicis
623 3359 758 3413 concessit
769 3360 867 3428 egenti,

242 3458 281 3511 llil
293 3463 392 3528 praeter
403 3474 517 3526 cappam
530 3458 715 3511 monachilem
727 3459 811 3512 vestis
823 3459 946 3514 habenti.

243 3557 312 3611 lluie
324 3557 423 3625 caligas
434 3556 601 3625 pedulesque
613 3572 701 3610 novos
711 3574 863 3626 soccosque
875 3563 998 3612 recentes

241 3658 347 3710 Domno
356 3656 479 3709 Werrico
491 3655 645 3709 tribuerunt
656 3656 852 3710 Fusniaeeuses
862 3658 906 3723 (l).

242 3754 332 3808 Noluit
343 3753 387 3807 his
399 3758 493 3807 vetera
504 3754 641 3808 dimittere
653 3754 846 3817 calciamenta;

243 3853 361 3922 Utraque
373 3853 420 3905 sed
433 3853 562 3916 retineas,
575 3852 637 3905 tulit
648 3852 726 3905 blare
739 3853 934 3908 dIstribuenda

244 3950 304 4018 Quo
316 3968 378 4005 cum
391 3950 520 4014 venisset,
531 3967 581 4004 nec
594 3951 638 4005 vel
649 3952 735 4005 semel
747 3953 833 4005 ulitur
845 3951 911 4015 illis;

242 4051 294 4104 Sed
306 4067 379 4104 nova
390 4050 461 4104 sicut
472 4056 550 4104 eraut
562 4050 657 4104 tribuit
668 4067 718 4104 sua
730 4051 803 4104 dona
814 4051 928 4120 pusillis.

72 4352 83 4383 ¹
97 4350 155 4402 cod.
169 4346 322 4400 celerarius
336 4376 366 4384 —
379 4346 391 4380 ²
403 4349 441 4399 itu
454 4349 559 4398 uidetur
569 4348 708 4412 leyendum
718 4366 729 4411 ,·
740 4349 795 4400 eod.
808 4346 875 4400 sola.

71 4594 114 4659 (1)
126 4591 301 4654 Fusuiacum,
312 4592 417 4659 Foipnp
425 4591 540 4659 (deparl.
551 4592 585 4644 de
595 4592 716 4653 l'Aisncl.
