3142 5392
179 302 250 374 398
514 321 637 374 caran.
664 322 765 374 cono.
792 321 1067 375 ursicampino.

279 514 339 585 10⁰
364 513 416 585 De
433 517 562 585 sancta
580 509 689 584 Clara
705 510 781 605 (sol.
805 511 1017 605 ibt-tw).

209 641 271 694 llila
290 645 429 695 contracta
449 657 482 694 ex
502 640 565 693 Vita
584 639 698 708 longiori
719 640 791 693 edita
810 639 838 692 in
861 643 919 694 Act.
938 642 995 705 SS,
1019 642 1054 694 ad
1079 643 1105 695 d.
1129 644 1159 697 tt
1178 644 1241 714 Aug,
1255 650 1330 709 imit

176 757 202 808 p.
219 740 268 793 754
284 756 343 809 sqq.

278 843 338 913 110
375 841 427 913 De
468 847 596 913 sancto
639 841 836 931 Ludovic0,
879 840 956 914 tilio
998 843 1097 934 regis
1137 842 1256 918 Ceciliae
1282 848 1327 938 (tat
1378 904 1382 908 .

323 956 536 1048 aar-aaa).
847 1042 849 1046 ¹

209 1085 286 1138 Bulla
297 1084 410 1138 loannis
421 1100 499 1152 papae
510 1083 590 1136 Xlill.
599 1083 659 1137 vid.
671 1100 760 1153 supra,
772 1101 797 1153 p.
809 1085 866 1148 218,
877 1086 931 1138 690.

650 1326 916 1338 ———

471 1608 675 1718 Appendix
709 1609 758 1695 ad
793 1613 870 1695 cod.
907 1612 1102 1700 4459-70.

193 1846 240 1922 >aa
261 1879 286 1922 a.
307 1878 480 1935 nursinum,
501 1879 659 1924 nunciam
680 1880 766 1923 anais
788 1881 875 1924 rrum.
898 1861 974 1944 (Cir.
997 1882 1109 1945 supra,
1130 1883 1200 1947 pag.
1219 1864 1270 1933 396.
1285 1864 1317 1943 Ρ.)

235 2072 408 2141 Prologus
428 2069 465 2128 in
487 2070 568 2130 vita
588 2065 730 2130 ancillae
754 2073 884 2130 Christi
909 2071 1109 2144 annonem,
1130 2075 1212 2133 tiliae
1229 2074 1297 2145 reati
1387 2067 1390 2071 ’

451 2169 651 2240 flungariae
673 2172 710 2229 et
731 2170 881 2229 dominae
901 2172 1121 2242 Thuringtoe.

209 2360 240 2415 1.
257 2360 390 2414 Dominus
406 2376 437 2412 ac
454 2360 580 2413 Salvator
596 2367 690 2413 noster
707 2361 854 2429 apostolos,
866 2365 894 2414 et
904 2378 952 2430 per
969 2361 1110 2430 apostolos
1122 2358 1331 2425 imitatoressaub

173 2458 327 2528 primordiis
349 2458 383 2512 de
405 2458 641 2511 consummatione
663 2459 720 2525 jam
746 2459 884 2521 sollicitos,
907 2460 973 2527 quid
997 2460 1155 2525 admoneat,
1176 2456 1333 2516 andiamnsii

173 2559 246 2612 enim
264 2559 377 2610 :Videte
396 2575 429 2609 ne
448 2559 622 2610 seducamini.
644 2559 726 2610 Multi
744 2560 848 2610 venient
867 2560 897 2610 in
917 2561 1024 2612 nuntiae
1035 2576 1100 2624 meo,
1118 2562 1241 2614 dicenter:
1253 2554 1350 2612 ‘utet
1389 2556 1391 2561 '

175 2660 307 2721 Christus,
320 2697 333 2722 ,
346 2665 369 2709 et
385 2658 482 2709 multas
497 2659 626 2710 redicrent.
641 2658 747 2724 Oportet
756 2659 861 2725 quidem
877 2660 997 2723 mimum
1013 2661 1112 2725 proetia
1123 2667 1147 2713 et
1162 2662 1281 2713 reditiones
1288 2656 1334 2723 ibit

172 2759 218 2809 aed
230 2758 348 2809 nuncium
360 2757 448 2808 statim
460 2757 531 2820 finis.
545 2755 577 2807 Et
586 2755 685 2822 adjecit
696 2775 701 2808 ε
714 2757 805 2808 Erunt
816 2759 896 2822 ripna
909 2759 936 2808 in
949 2759 1002 2810 cole
1013 2765 1037 2810 rt
1049 2760 1117 2811 iuna
1126 2760 1334 2821 retribuantur:

173 2873 236 2907 nam
256 2859 367 2907 virtutes
389 2857 515 2906 coelorum
537 2856 717 2907 merebuntur.
740 2857 792 2907 His
816 2864 905 2908 aretem
926 2857 989 2920 fieri
1011 2859 1207 2925 incipientibus,
1224 2858 1336 2925 respiciet

173 2956 253 3006 lenate
272 2955 361 3018 capita
384 2959 479 3016 restra,
502 2955 629 3019 quoniam
649 2956 850 3020 appropinquat
873 2954 1018 3020 redemptio
1038 2963 1133 3008 restra.
1155 2956 1193 3008 De
1214 2953 1339 3009 notulam

173 3051 293 3117 inquam,
303 3050 377 3117 regni
393 3053 421 3101 et
435 3048 605 3116 reparatione
616 3049 710 3117 templi
723 3049 867 3118 discipulos
879 3049 970 3102 adhuc
980 3051 1107 3104 novellos
1120 3054 1188 3106 scire
1199 3052 1341 3122 cupienten

172 3164 202 3200 se
221 3148 249 3200 in
269 3146 381 3199 exordio
402 3145 596 3214 perfectionem
613 3147 808 3199 arbitrarentur
829 3148 1055 3216 apprehensuras.
1075 3149 1181 3204 Veritas
1199 3146 1343 3219 compescuit:

174 3247 234 3298 Non
245 3254 290 3305 est,
303 3245 435 3313 inquiens
448 3253 562 3297 uestrum-
574 3263 651 3298 narse
662 3253 781 3312 tempora
796 3249 835 3298 rel
850 3255 988 3312 incruenta,
1007 3252 1035 3300 ct
1052 3254 1144 3301 cetera
1156 3269 1162 3302 ε
1174 3253 1218 3303 recl
1231 3243 1347 3302 atttriti

171 3353 246 3397 testea
264 3347 294 3396 in
312 3346 483 3396 Hierusalem
500 3351 523 3396 et
542 3347 660 3396 inomni
674 3345 771 3397 Judrea
782 3353 806 3398 et
823 3344 961 3403 Samaria.
979 3354 1002 3398 et
1014 3364 1099 3414 nsque
1115 3351 1152 3401 ad
1163 3351 1277 3401 ultimum
1285 3356 1350 3400 nm:

172 3442 245 3511 quod
263 3441 386 3494 videlicet
405 3441 554 3494 novissimo
575 3442 688 3495 debetur
709 3442 832 3511 tempori,
853 3443 880 3496 id
900 3444 993 3511 primae
1014 3449 1170 3515 teneraque
1189 3446 1258 3500 alati
1271 3444 1353 3499 minuc
1389 3464 1391 3471 ·

171 3554 250 3605 posse
262 3552 417 3604 congruere,
430 3535 577 3588 insinuans.
595 3536 628 3588 Et
644 3537 770 3604 praecepit
787 3537 826 3589 eis
844 3536 878 3588 ab
895 3537 1095 3606 Hierosolymis
1112 3556 1148 3593 ne
1158 3526 1391 3601 discederentmltb¹

172 3640 344 3703 expectarent
360 3635 500 3702 patienter,
518 3639 691 3703 expectarent
708 3639 735 3687 et
751 3634 950 3703 longanimiter.
967 3638 1150 3701 Hierusalem,
1168 3640 1260 3709 inquit,
1274 3652 1359 3708 prmo

171 3734 249 3786 niens
261 3750 315 3798 eoS,
332 3735 480 3786 calcabitur
491 3752 508 3786 a
518 3735 647 3799 pentibus,
659 3736 740 3786 detrec
753 3735 917 3800 impleantur
933 3743 1052 3803 tempora
1071 3739 1233 3791 nationum:
1248 3755 1278 3793 ea
1292 3738 1363 3805 unqu

171 3848 231 3899 quae
243 3833 270 3884 in
288 3831 345 3884 sole
363 3836 389 3883 et
400 3832 465 3883 luna
477 3835 504 3884 et
521 3831 606 3884 stellis
618 3832 656 3898 (in
674 3832 773 3899 quibus
792 3833 868 3900 signa
884 3849 1051 3902 praecessura
1066 3850 1126 3888 esse
1139 3837 1275 3904 dicuntur)
1285 3838 1368 3907 signati

171 3935 235 3983 sunt
251 3931 286 3983 ab
304 3930 389 3983 initio.
407 3931 528 3998 Denique
542 3931 570 3982 in
582 3930 755 3984 firmamento
768 3932 828 3984 coeli
847 3932 904 3985 haec
922 3932 1011 4000 posita
1029 3950 1089 3987 esse
1101 3934 1238 4004 leguntur,
1253 3941 1284 3990 ut
1297 3934 1371 3991 sintin

170 4028 246 4096 signa
263 4033 290 4081 et
306 4033 430 4096 tempora
447 4034 474 4081 et
486 4029 544 4082 dies
556 4034 583 4082 et
595 4045 689 4083 annos.
709 4030 753 4083 Sic
765 4035 792 4083 et
807 4030 855 4083 tilii
868 4031 992 4085 Zebedaei
1003 4033 1039 4085 ad
1051 4035 1206 4089 sessionem
1220 4037 1229 4070 ¹
1242 4036 1391 4105 remitam-t

170 4144 252 4195 quam
264 4128 298 4179 ad
314 4127 578 4180 consummationem
591 4144 761 4196 praepropere
772 4130 931 4197 aspirantes,
942 4130 1040 4198 primo,
1054 4146 1088 4184 ne
1101 4133 1306 4195 seducerentur.
1316 4136 1378 4190 itinn

170 4222 265 4275 durum
280 4240 434 4276 sermonem
447 4240 587 4292 perquem
606 4225 641 4277 ad
659 4240 770 4294 regnum
784 4228 859 4294 quod
875 4228 1035 4295 quaerebant
1045 4232 1218 4298 pervcnitur,
1235 4236 1381 4289 andierunt:

171 4323 244 4373 Num
253 4325 362 4390 potestis
373 4324 459 4375 bibere
469 4325 576 4375 calicem
589 4341 664 4391 quem
678 4342 723 4391 epo
734 4327 868 4379 bibiturus
879 4330 962 4379 aune?

203 4501 214 4533 1
227 4502 398 4566 conferimus
408 4518 469 4554 cum
479 4505 566 4556 codice
577 4504 752 4557 Bruxellenai
762 4508 873 4559 8609-20
885 4473 976 4575 (quern
990 4510 1152 4565 notabimus
1160 4516 1242 4581 eipno
1253 4517 1342 4580 aa&
1350 4518 1389 4569 ltu

168 4585 239 4635 enim
250 4585 336 4636 codiee
352 4584 414 4636 Vita
425 4585 452 4638 S.
465 4585 606 4638 Elisabeth
619 4603 700 4653 quum
714 4588 816 4641 exbibet
832 4590 914 4642 coclea·
922 4593 989 4643 4459
1000 4591 1095 4659 (quem
1106 4596 1271 4653 notabimus
1286 4600 1390 4668 namn

168 4666 301 4732 descripta
310 4668 423 4720 vitietur.
437 4694 468 4703 -
479 4668 563 4721 Ambo
574 4669 648 4721 codd.
661 4667 815 4723 scissuram.
