3142 5392
253 344 347 397 mm.
371 341 454 394 asa.
479 340 652 395 nemum.
679 364 725 374 -
752 343 832 396 con.
859 335 898 395 ΝΟ
923 341 1048 397 stes-rt.
1198 326 1271 399 515

39 536 149 602 Severo,
161 537 258 605 utjam
271 534 416 605 prelatum
428 539 478 597 est,
487 534 606 603 digestae,
619 534 723 603 reliqua
735 534 762 588 in
777 534 832 587 tine
847 535 934 603 posui,
946 534 1121 604 obsecroque
1136 540 1164 590 et
1175 537 1272 591 hortor

38 642 69 690 nt
80 637 126 690 hic
138 637 212 690 idem
231 637 267 690 ab
285 636 328 690 his
348 635 449 704 quibus
467 640 561 688 nostra
579 634 722 703 dispositio
740 650 797 688 non
814 634 976 703 displicebit,
986 651 1049 689 cnm
1067 634 1196 704 deinceps
1212 636 1272 690 haec

38 735 263 799 transcribentur‚
272 737 340 790 ordo
352 739 478 790 teneatur
490 735 553 801 tl)...

81 834 140 895 16.
165 835 312 904 Quoniam,
321 833 343 889 si
351 835 465 903 justum.
474 832 680 901 dulcediqnum
690 837 717 885 et
726 832 862 886 laudabile
872 831 940 886 mihi
950 833 1090 903 dequovie
1099 833 1189 888 amico
1198 834 1271 889 fideli

10 934 21 983 l
37 936 168 1005 cogitare,
177 934 254 1002 ioqui
266 938 293 987 et
305 932 400 985 audire
411 930 480 984 velle
492 929 591 999 cuique
603 928 793 997 praedicabilia,
806 934 909 998 quanto
919 930 1027 998 justius.
1039 930 1153 999 dignius,
1167 930 1272 985 dulcius

37 1040 66 1088 et
73 1032 241 1088 laudabilius
254 1033 281 1086 id
290 1030 358 1085 mihi
371 1046 452 1100 agere
464 1030 499 1082 de
510 1033 637 1082 senatore
649 1028 708 1082 coeli
720 1027 847 1097 glorioso,
856 1029 890 1082 de
900 1033 1015 1097 patrono
1024 1029 1058 1082 ad
1070 1019 1271 1083 exaudiendum

37 1133 255 1204 promptissimo,
268 1130 387 1198 denique
405 1130 439 1183 de
460 1129 506 1181 illo
527 1128 605 1195 cujus
625 1128 661 1181 ab
678 1126 790 1182 ineunte
806 1133 887 1182 oetate
906 1145 994 1198 usque
1009 1128 1044 1182 ad
1055 1128 1271 1183 seuiidelectum

37 1230 192 1300 (octogiuta
203 1228 304 1298 quippe
316 1229 434 1281 duorum
446 1225 554 1279 circiter
564 1241 698 1278 annorum
710 1241 769 1278 sum
784 1225 874 1289 hodie,
882 1227 916 1279 de
925 1231 1028 1295 quanto
1040 1225 1145 1280 diemm
1155 1242 1271 1280 numero

38 1329 164 1399 queritur
172 1329 312 1398 psalmista
325 1347 331 1382 :
345 1330 377 1380 Sc·
388 1335 486 1392 arcton,
498 1325 632 1394 inquiens,
642 1328 672 1378 in
682 1327 869 1392 potentatibus,
882 1329 1014 1393 octopinta
1030 1329 1106 1391 anni,
1118 1333 1141 1379 ct
1153 1328 1273 1393 amptius

10 1424 412 1492 t.e0rumzaa0rsa010r),d0
431 1426 484 1490 illo,
497 1425 617 1494 inquam.
635 1425 712 1493 cujus
731 1441 747 1478 a
766 1441 851 1493 puero
868 1441 956 1493 usque
972 1442 1052 1489 nunc,
1064 1425 1172 1494 quoties
1190 1442 1273 1480 causa

38 1527 118 1592 iustae
127 1524 300 1579 necessitatis
310 1523 408 1592 exegit,
418 1522 551 1576 beneficia
559 1521 660 1590 jugiter
672 1527 800 1590 expertus
814 1538 874 1577 sum
886 1524 922 1589 (t)
1207 1518 1210 1523 ’

227 2081 425 2169 LXXVII.
459 2081 584 2168 (lodex
610 2081 796 2192 signatus
822 2102 866 2169 n⁰
892 2083 1086 2174 5408-11.

71 2327 214 2381 Foliorum
234 2327 289 2389 185,
301 2327 397 2379 rormae
409 2324 556 2379 mediocris
573 2324 662 2391 (OQ-'ti
677 2332 701 2379 ><
715 2324 792 2391 ΟβΒ),
810 2323 945 2379 columnis
957 2324 1037 2389 binis,
1051 2325 1131 2379 lineis
1142 2327 1274 2396 graphide

38 2425 137 2490 «luctis,
149 2431 278 2479 exaratus
287 2424 380 2479 seculo
392 2424 462 2478 XIII.
473 2423 557 2477 Tituli
570 2423 655 2477 minio
669 2422 775 2492 signati,
793 2423 864 2477 sicut
884 2428 912 2477 et
931 2423 1028 2477 litterae
1045 2425 1165 2492 majores
1185 2425 1274 2480 initia·

38 2523 86 2585 les
99 2498 184 2576 nullis
197 2527 290 2577 tamen
307 2522 485 2582 ornamentis.
504 2526 703 2589 p1·aeterunam
722 2520 873 2574 alteramve
891 2526 919 2574 et
936 2520 1048 2575 exordio
1069 2523 1153 2575 totins
1171 2523 1274 2578 codicis

36 2619 161 2673 litteram
174 2618 198 2673 0
210 2618 293 2672 variis
305 2618 444 2671 coloribus
455 2622 483 2671 et
494 2633 562 2671 auro
575 2617 741 2680 distinctam,
753 2622 782 2671 at
793 2633 850 2671 non
859 2617 1008 2672 admodum
1022 2618 1121 2688 insigni
1133 2623 1199 2674 arte.

70 2716 151 2771 Folio
170 2719 195 2770 1ῐ
207 2716 336 2785 inscripta
353 2721 395 2770 est
412 2716 471 2768 haec
488 2720 555 2769 nota
566 2732 650 2769 manu
663 2716 747 2769 seculi
759 2716 833 2769 XVII
850 2736 856 2769 ε
874 2717 958 2769 Liber
975 2719 1134 2771 ancnosterit'
1152 2720 1273 2772 Gembla·

36 2834 135 2870 censis.

71 2914 240 2983 Praecipuam
258 2918 363 2982 partem
376 2913 478 2967 codicis
496 2912 553 2980 (sol.
566 2914 675 2977 tv-la'm
688 2912 807 2981 complet
819 2913 974 2982 Registrum
991 2914 1016 2967 S.
1029 2914 1151 2984 Gregorii
1163 2914 1204 2978 Μ..
1217 2932 1272 2985 quo

36 3012 189 3082 exemplari
199 3029 265 3067 usus
277 3018 319 3066 est
330 3012 363 3066 cl.
373 3012 467 3066 Ewald
477 3012 504 3065 in
514 3028 586 3065 nova
596 3011 717 3065 editione
730 3011 819 3080 operis
829 3011 874 3065 cui
887 3012 982 3066 titulus
991 3014 1103 3081 Reqcsta
1114 3016 1272 3081 Pontc'ficum

36 3114 229 3167 mmmmm
275 3114 313 3165 acl
330 3130 376 3165 ora.
392 3116 458 3164 1198
475 3110 584 3179 (Lipsiae
604 3110 679 3177 1881)
696 3111 746 3176 (3);
760 3116 787 3164 et
805 3110 833 3164 in
844 3111 948 3165 ultimis
960 3112 1033 3165 loliis
1045 3112 1102 3178 (iol.
1116 3114 1271 3181 184v-185v),

36 3228 100 3282 quse
112 3227 201 3265 uacua
223 3211 318 3264 relicta
339 3215 425 3273 erant,
442 3210 579 3278 descripta
590 3215 632 3263 est
643 3209 742 3263 notitia
751 3211 785 3263 de
797 3210 854 3263 vita
862 3210 987 3264 Guiberti
999 3212 1106 3265 abbatis
1118 3212 1163 3279 (l),
1176 3212 1204 3266 in
1216 3229 1272 3282 qua

36 3312 176 3381 praecipue
183 3314 373 3364 memorantur
381 3325 442 3378 quae
451 3308 566 3362 contulit
575 3325 690 3362 munera
702 3308 823 3363 ecclesiae
835 3308 1025 3363 Gemblacensi
1043 3316 1071 3364 et
1089 3327 1187 3365 census
1203 3328 1270 3380 quo·

69 3540 80 3602 (
85 3538 109 3604 1)
120 3538 146 3591 A
158 3537 205 3590 iol.
219 3538 268 3599 131,
286 3537 337 3590 col.
354 3537 371 3590 2
387 3552 475 3604 usque
493 3537 527 3589 ad
540 3535 586 3589 fol.
600 3537 650 3598 l'ar,
667 3536 718 3589 col.
728 3536 744 3589 2
755 3542 831 3599 extr„
842 3536 1041 3605 redarguuntur
1052 3537 1270 3606 improperantes

35 3620 154 3675 Hartino
172 3620 248 3688 quod
260 3636 324 3673 suas
341 3618 469 3673 ecclesias
487 3619 522 3671 ab
533 3618 660 3672 incendio
678 3635 733 3672 non
750 3624 848 3671 servet
861 3619 934 3672 Deus
946 3619 1003 3686 ipse
1012 3618 1072 3672 Filii
1084 3620 1125 3672 sui
1136 3622 1270 3688 permittit

36 3703 136 3756 violari
153 3701 318 3770 sepulcrum.
330 3702 416 3755 immo
434 3707 461 3755 et
478 3701 623 3754 hominum
641 3701 724 3754 corda
742 3700 1269 3769 peccatoloedari.Incomprehensibilia

35 3791 102 3839 sunt
108 3785 212 3851 judicia
223 3784 281 3838 Dei.
294 3785 324 3838 ln
337 3800 432 3837 omnes
442 3801 506 3853 ergo
525 3788 652 3837 exerceat
667 3784 764 3837 beatus
775 3782 906 3837 Martinus
918 3783 1132 3838 misericordiam
1142 3802 1229 3851 suam,
1242 3792 1270 3841 et

34 3868 136 3921 fratres
153 3866 263 3935 Maioris
279 3867 435 3921 llonasterii
453 3882 515 3919 cum
534 3865 666 3934 patientia
683 3865 837 3919 sustineant
856 3866 996 3932 praesentis
1013 3867 1136 3934 opusculi
1154 3869 1268 3924 nimiam

36 3948 307 4017 prolixitateminde
320 3954 407 4002 ortam
420 3949 494 4018 quod
508 3949 566 4016 ipse
576 3952 672 4001 auctor
684 3947 806 4001 maximo
823 3948 849 4001 S.
867 3947 974 4001 Martini
991 3964 1086 4001 amore
1102 3954 1219 4004 tenetur.
1237 3982 1268 3989 -

33 4032 73 4096 (ἐ)
85 4031 110 4084 Α
120 4031 168 4084 rot
178 4032 231 4093 15⁸¹.
244 4031 295 4084 ool.
306 4032 409 4093 lmed„
422 4048 510 4100 usque
525 4032 560 4084 ad
577 4031 659 4084 tinem
670 4035 782 4099 rogatur
790 4030 921 4083 Martinus
934 4033 963 4082 ut
975 4034 1114 4084 auctorem
1127 4031 1189 4086 libri
1198 4051 1268 4088 sem·

34 4130 84 4182 per
95 4118 207 4167 tueatur
224 4113 303 4182 eique
324 4114 397 4181 apud
418 4114 504 4167 Deum
527 4113 716 4167 remissionem
735 4119 909 4181 peccatorum
930 4113 1061 4167 obtitreat.
1073 4142 1104 4150 -
1116 4115 1269 4184 Optnamur

34 4196 109 4249 hanc
118 4211 180 4249 esse
192 4195 355 4264 Apologiam
368 4195 474 4265 Sulpitii
487 4196 587 4258 Severi,
600 4212 682 4264 quam
704 4195 732 4248 iu
749 4200 816 4248 tom.
829 4195 890 4248 Vlll
901 4196 1032 4262 (1884-85)
1045 4198 1135 4265 operis
1147 4198 1267 4269 inscripti

34 4279 204 4346 Bioyraplrie
214 4279 359 4332 Notionalc
368 4278 522 4331 desiderare
532 4279 639 4331 ridetur
647 4283 743 4330 auctor
752 4278 858 4330 articuli
868 4278 998 4335 Gurssam
1006 4280 1071 4331 abbe5
1079 4282 1111 4333 dc
1120 4281 1268 4335 Florcnacs

32 4363 112 4414 etde
133 4361 290 4425 Gemblcuzc,
310 4360 376 4413 dum
398 4377 457 4428 pag.
476 4361 527 4415 tlt
545 4361 585 4414 sic
603 4360 710 4428 scripsit
730 4379 736 4413 :
762 4363 772 4384 ⁸
792 4361 910 4429 l'ignore
927 4377 957 4412 oe
974 4377 1028 4427 que
1047 4367 1110 4415 sont
1130 4363 1267 4418 devenues

33 4443 186 4511 l'Apoloyie
204 4444 237 4496 de
254 4443 362 4509 Sulpicc
374 4443 466 4496 Sdcdre
478 4447 529 4495 et..
542 4483 552 4506 „
567 4472 598 4479 -
619 4444 655 4506 (3)
668 4442 721 4496 cfr.
734 4443 821 4496 Neues
834 4445 952 4507 Archia,
971 4447 1037 4497 tom.
1050 4442 1096 4506 ΙΙΙ,
1114 4460 1139 4512 p.
1159 4445 1217 4499 461.
1234 4473 1266 4484 -

33 4524 73 4590 (t)
93 4523 184 4590 Quam
209 4523 261 4577 sub
282 4523 362 4577 titulo
376 4525 522 4590 l'raymcnt
539 4525 571 4577 cle
590 4525 737 4590 chronique
753 4532 915 4577 concernunt
931 4525 1048 4590 l'abbayc
1060 4527 1092 4577 (Ic
1112 4526 1267 4594 Gcmbloucq

33 4606 122 4659 edidit
138 4604 220 4674 Alph.
237 4605 365 4659 Wunters
386 4607 505 4673 (Oonrpte
521 4607 609 4659 rendre
621 4607 668 4659 des
679 4605 787 4659 sdances
798 4608 830 4659 cle
841 4608 868 4658 Ia
883 4605 1059 4661 Commissum
1071 4610 1164 4675 roijate
1175 4610 1265 4665 cI'His·

33 4688 176 4754 toire,1l'‘
188 4687 342 4754 alcimum.
355 4687 387 4754 ll,
399 4688 559 4756 pass-973).
