3142 5392
164 280 237 353 tto
500 302 624 354 carun.
651 303 754 355 conn.
781 304 1059 359 nnorocnnumc.

360 491 419 545 Hoc
431 497 497 561 puto
510 491 552 544 ias
563 491 643 555 credi,
653 507 702 545 nec
714 491 765 545 erit
777 492 927 548 dubitabile
939 495 1068 562 multum,

360 591 433 658 Quin
444 591 505 660 pius
517 590 567 644 iste
578 590 628 644 Dei
638 591 694 658 jam
705 597 798 644 cernat
808 591 835 643 in
848 593 949 646 aethere
959 594 1077 649 vultum.

360 690 413 758 Qui
421 692 491 745 bene
500 691 620 760 complet
629 708 697 760 opus
706 695 733 744 et
744 697 840 744 votum
851 691 997 761 religionis,

360 790 428 858 Quis
436 791 542 844 dubitet
551 791 663 859 dignum
675 790 832 844 coelestibus
842 808 901 844 esse
913 791 1044 846 coronis?

360 889 410 944 Hic
420 891 490 943 bene
499 890 646 959 complevit
654 889 787 958 quidquid
796 907 875 944 sacra
884 906 983 944 norma
988 892 1113 959 jubebat,

359 990 473 1058 Insuper
481 992 509 1042 et
518 989 595 1058 plura
603 989 790 1059 superaddidit
800 995 829 1043 et
841 989 959 1043 faciebat
968 991 1013 1056 (ii.

262 1193 314 1250 ne
335 1204 377 1249 eo
398 1191 491 1262 quod
511 1191 648 1261 septem
668 1192 727 1250 vel
749 1194 828 1251 octo
849 1191 1049 1254 virtutihus
1073 1197 1277 1268 evangelicis

635 1291 811 1361 praedltus
831 1289 910 1350 nne.

424 1497 453 1550 Si
463 1497 606 1550 monachis
614 1497 686 1550 veris
698 1514 747 1551 sua
760 1515 843 1567 regna
855 1499 929 1552 Dens
940 1499 1006 1554 dare
1019 1501 1111 1567 vellet,

356 1596 436 1650 Hunc
445 1612 541 1650 rerum
554 1598 722 1650 monachum
735 1597 809 1650 nulla
818 1598 925 1651 ratione
937 1599 1058 1668 repellet

356 1695 384 1749 Si
394 1694 459 1748 dare
468 1711 551 1764 regna
559 1700 648 1764 potest
657 1701 801 1764 paupertas
810 1696 967 1765 spiritualis,

356 1794 486 1863 Pauperis
494 1795 577 1861 hujus
586 1795 636 1848 erit
646 1795 720 1864 regni
729 1795 775 1848 lux
788 1795 943 1864 imperialis,

356 1893 383 1946 Si
393 1892 502 1947 dabitur
514 1899 591 1946 terrae
604 1893 668 1947 felix
677 1895 813 1963 possessio
826 1895 894 1955 miti.

357 1993 434 2046 Tunc
447 1993 559 2047 debebit
570 1994 597 2045 in
609 1992 681 2046 hanc
693 1993 855 2047 mitissimus
866 1993 911 2046 hic
923 1994 1009 2047 horno
1021 1995 1105 2049 mitti.

355 2092 385 2145 si
393 2093 455 2160 quis
463 2092 592 2160 pacificus
601 2092 632 2145 fit
643 2092 715 2145 iilius
724 2092 935 2161 Omnipotentis

357 2191 434 2245 Tunc
442 2191 542 2244 summi
552 2191 634 2244 debet
641 2191 686 2244 hic
696 2191 768 2245 iilius
776 2208 836 2245 esse
846 2192 978 2245 Parentis.

356 2290 471 2344 Praemia
482 2289 505 2344 si
517 2306 572 2359 qua
583 2295 674 2359 potest
684 2290 815 2359 patientia
830 2307 894 2343 vera
906 2290 1014 2352 lucrari.

356 2389 405 2443 lus
416 2389 467 2443 erit
477 2389 552 2443 hunc
560 2388 632 2443 veris
640 2390 806 2459 patientibus
816 2389 985 2458 aequiperari.

358 2489 428 2542 Ante
439 2489 527 2542 Deum
539 2489 562 2542 si
572 2489 637 2557 quid
649 2488 763 2542 humilis
772 2490 834 2557 quis
846 2489 1068 2554 commeretur,

356 2587 415 2641 Hoc
426 2586 538 2640 humilis
547 2592 640 2640 noster
648 2588 747 2641 merito
759 2586 907 2655 praeclarus
921 2587 1039 2641 habetur
1051 2607 1057 2640 :

355 2687 411 2740 lslo
422 2686 484 2755 plus
494 2686 627 2740 humilem
637 2702 773 2754 nusquam
787 2686 879 2739 videre
891 2685 1025 2747 moderni.

355 2786 410 2839 Nec
419 2785 564 2853 patientior
573 2785 626 2838 hoc
634 2790 726 2854 posset
738 2785 798 2854 quis
809 2786 839 2838 in
852 2785 953 2839 Ordine
966 2785 1049 2839 cerni.

355 2885 408 2939 Hic
418 2884 514 2953 estqui
526 2884 640 2948 nullum,
652 2885 728 2938 salvo
741 2890 834 2938 tamen
847 2885 950 2947 ordine,
962 2884 1041 2947 laesit,

355 2982 461 3051 Cuique
469 2982 538 3035 nihil
547 2982 654 3051 penitus
666 2981 798 3035 maculosi
809 2981 894 3034 moris
904 2981 1027 3034 adhaesit.

353 3082 404 3135 Hic
414 3087 455 3135 est
467 3098 498 3134 os
510 3082 588 3148 cujus
597 3081 727 3134 detractio
738 3098 787 3134 nec
796 3080 953 3144 maculavit,

352 3179 407 3233 Nec
416 3179 599 3232 detractorum
609 3179 740 3238 furtivum
750 3196 876 3232 murmur
889 3179 1001 3232 amavit

355 3276 405 3328 Hic
418 3281 459 3329 est
468 3277 545 3343 cujus
556 3293 642 3338 mens,
652 3276 713 3329 oleo
723 3277 832 3344 pietatis
844 3277 964 3338 inuncta,

354 3375 437 3428 Lenis
448 3381 507 3428 erat
515 3377 628 3439 cunctis,
638 3375 786 3428 tractabilis
799 3375 833 3427 ad
843 3375 917 3427 hona
925 3378 1032 3426 cuncta.

353 3480 471 3534 Tantum
481 3481 578 3550 plenus
588 3486 645 3534 erat
656 3481 701 3534 hic
713 3481 923 3534 mansuetudine
934 3479 1012 3543 mira,

352 3578 389 3633 Ut
399 3595 506 3648 semper
516 3581 594 3632 fieret
605 3579 713 3632 animus
725 3579 776 3632 sibi
788 3579 858 3632 liber
868 3579 903 3631 ab
916 3579 963 3631 ira„

352 3678 532 3732 Mansuetudo
542 3679 599 3732 Deo
609 3678 726 3731 multum
738 3677 825 3746 placet
835 3697 841 3730 ε
851 3679 922 3731 hanc
935 3676 1062 3730 docuisse

352 3777 505 3845 Discipulos
514 3777 619 3846 legitur,
628 3777 675 3829 uhi
688 3777 769 3830 dicit:
780 3779 881 3830 Discite
890 3779 921 3829 de
935 3794 982 3829 ina

353 3876 532 3930 Mansuetudo
544 3877 610 3929 lacit
627 3877 725 3929 animae
736 3876 858 3944 requiem
872 3875 1004 3944 1·eperire;

352 3977 430 4030 Hanc
440 3976 564 4044 requiem
577 3977 650 4030 tollit
659 3975 801 4044 culpabilis
813 3977 931 4044 impetus
941 3975 995 4028 irae.

353 4077 395 4129 Ira
405 4081 487 4130 tenax
498 4082 539 4130 est
551 4077 630 4145 culpa
641 4077 745 4144 gravis;
758 4093 807 4129 nec
822 4076 964 4144 religiosus

354 4175 442 4242 Quem
452 4181 546 4229 movet
555 4177 595 4229 ira
608 4176 735 4244 frequens
746 4176 819 4228 valet
831 4192 890 4229 esse
903 4176 959 4228 Deo
969 4175 1117 4242 pretiosus.

352 4275 402 4328 vix
411 4274 492 4327 dolus
504 4274 630 4329 inventus
639 4291 759 4342 unquam
771 4275 822 4328 suit
834 4275 892 4341 ojus
901 4274 928 4327 in
938 4290 994 4328 ore.

351 4373 457 4426 Fraude
470 4374 588 4441 doloque
601 4389 696 4426 carens
706 4373 732 4426 in
743 4373 827 4426 verbo
841 4372 883 4426 vel
893 4372 1004 4426 leviore.

352 4472 405 4526 Sed
417 4489 467 4525 nec
478 4472 634 4525 adulantem
647 4472 737 4540 potuit
745 4472 864 4540 reperire
876 4472 937 4540 quis
947 4472 1044 4540 ipsum,

188 4668 224 4735 (1)
242 4669 351 4723 Editum
364 4673 406 4722 est
417 4669 470 4722 hoc
481 4667 630 4737 capitulum
642 4669 670 4722 in
685 4670 772 4722 it'euea
785 4670 894 4735 Archia,
906 4668 957 4721 loc.
970 4667 1014 4721 cit.
1024 4683 1119 4735 supra.
