3142 5392
147 224 220 299 568
477 245 610 299 eursu.
636 244 742 299 cono.
767 244 1050 300 nroroonnrmc.

147 437 288 503 adJ'utores
297 451 400 500 acrinus,
417 434 445 488 in
457 434 597 489 salvandis
608 434 755 489 animabus
766 434 907 489 fructuose
918 441 947 490 et
958 434 1139 490 laudabiliter
1157 435 1271 506 seipsum
1280 453 1351 508 quen

147 533 315 602 libetpotius
323 549 459 598 exercere,
470 550 555 602 quam
565 533 641 588 velut
652 533 765 588 feriatas
776 534 917 589 actitando
926 534 1066 589 nundinas
1074 534 1353 604 segniterqueetoticse

149 630 268 684 virendo
284 629 337 684 soli
356 629 408 685 sibi
428 630 571 685 intendere
584 650 590 684 :
602 646 686 700 quam
707 647 774 684 vero
797 632 1005 695 exeusationem
1026 647 1112 702 snper
1137 631 1182 687 his
1201 648 1250 703 ego
1270 650 1353 703 posen

149 729 308 793 obtendere,
319 729 366 798 qui
378 729 477 784 scirem
490 730 557 798 quia
568 730 602 784 de
613 730 734 798 acceptis
745 729 856 784 talentis
864 730 1139 786 rationemdistricto
1149 732 1234 800 iudici
1243 749 1285 787 me
1297 750 1357 804 opor

150 831 219 881 teret
235 826 358 892 reddere,
378 843 429 881 uec
448 828 604 896 ignorarem
624 827 708 896 quod,
727 828 770 882 cui
788 827 850 897 plus
866 828 1059 894 committitur,
1076 829 1189 898 plusab
1208 845 1242 885 eo
1259 831 1379 900 ex'qitam

149 926 279 996 quodque
297 926 449 980 secuudum
466 927 650 995 quantitatem
669 926 773 981 laboris
784 927 934 996 uuicuique
958 927 1030 982 libra
1046 928 1216 999 rependetur
1229 932 1360 986 namt

149 1026 295 1094 Adiecistis
307 1025 474 1096 increpando
492 1025 575 1080 etiam
589 1026 648 1080 hec
661 1045 667 1079 :
682 1027 750 1093 Quia
767 1043 897 1095 uruquom
915 1031 1077 1082 animorum
1087 1037 1193 1096 ponor,
1205 1031 1232 1082 ss·
1240 1046 1290 1084 eoo
1297 1033 1362 1098 pecs

61 1165 68 1178 .
85 1190 90 1202 ‚
149 1143 209 1181 eum
218 1128 382 1180 mercenarii
393 1127 473 1191 elopii
481 1127 756 1191 deuotmmomurn
764 1143 819 1180 sua
829 1129 1363 1195 commissoslupiss'uoodcudas‘dcsuut,

108 1232 114 1245 ·
149 1226 207 1278 nisi
221 1227 293 1290 forte
309 1225 377 1278 adeo
387 1226 443 1277 siut
462 1224 587 1278 scabiosa
597 1231 621 1276 et
633 1224 768 1289 morbida,
783 1231 811 1277 ut
821 1226 885 1289 jnm
902 1225 934 1278 de
953 1227 1163 1293 recuperatione
1173 1227 1272 1281 solutu
1287 1243 1363 1280 canu

151 1325 229 1378 nullo
240 1340 300 1391 spes
311 1330 384 1377 certo
395 1326 542 1390 suppetat?
555 1323 623 1389 Quis
634 1324 697 1376 item
708 1324 801 1377 colena
812 1325 940 1389 medicus,
951 1327 977 1378 si
994 1341 1049 1378 nou
1061 1326 1139 1379 timet
1149 1326 1205 1378 sibi
1214 1327 1364 1381 bonum
1375 1339 1393 1388 tt

151 1439 246 1476 nomeu
263 1429 287 1474 et
298 1424 401 1476 crimen
415 1424 558 1488 imputari,
574 1437 660 1488 apros
671 1429 694 1476 ct
709 1424 780 1475 ruole
790 1423 915 1476 habentes
931 1425 990 1476 arti
1000 1424 1040 1476 oei
1050 1424 1119 1490 fidei
1134 1440 1191 1478 secu
1205 1426 1313 1480 acidos
1326 1428 1364 1480 cli·

152 1523 260 1590 quondo
272 1524 411 1575 incuratae
421 1522 567 1589 relinquat,
578 1523 635 1574 nisi
645 1529 694 1575 aut
702 1522 813 1575 morbus
821 1524 857 1576 sit
865 1522 1037 1588 incurabrls's,
1046 1531 1098 1576 aut
1107 1525 1163 1591 ipci
1169 1524 1366 1589 febricutcecdco

151 1627 268 1674 cronos
276 1628 299 1674 et
307 1621 438 1688 phrenesi
448 1622 503 1673 acti
513 1621 527 1652 ⁸
536 1622 692 1684 videantur,
704 1628 734 1673 ut
749 1637 801 1674 nor
817 1621 905 1674 solum
917 1621 971 1674 sibi
981 1637 1057 1689 opem
1073 1622 1205 1676 adbiberi
1214 1627 1365 1691 mupcmit·

150 1726 218 1786 tant,
234 1721 282 1774 sed
299 1727 323 1773 et
337 1721 428 1788 ipsum
446 1727 599 1773 curatorem
611 1737 692 1773 suum
709 1722 879 1773 coutumeliis
896 1722 1053 1786 officientes,
1064 1724 1159 1775 instar
1167 1724 1290 1788 snorum
1300 1725 1366 1777 calci·

150 1821 285 1873 trontium
295 1837 314 1872 a
330 1836 358 1872 se
374 1821 529 1887 repellant?
548 1821 617 1886 Quis
628 1822 710 1873 etiam
727 1821 856 1886 agricola,
874 1821 931 1873 nisi
945 1797 1028 1888 piper
1045 1829 1068 1874 et
1088 1822 1189 1874 domm
1207 1826 1366 1892 noctsque·
1377 1830 1396 1879 u

150 1918 223 1970 lucri
233 1918 350 1979 aridior,
361 1924 465 1969 terram
476 1918 606 1970 incultam
618 1918 745 1981 diorittat,
755 1917 812 1970 nisi
823 1932 877 1969 non
888 1917 1092 1983 respondentem
1100 1918 1242 1972 laborrbus
1250 1921 1366 1987 impertis,

56 2094 58 2101 Ι
149 2022 174 2068 ct
184 2017 291 2084 qualem
308 2017 456 2069 detestatur
472 2017 612 2084 apostolus
623 2017 733 2069 diceus:
754 2015 765 2042 ⁸
784 2016 871 2068 Terra
882 2016 994 2069 imbrem
1011 2019 1243 2084 superocuieutm
1259 2020 1368 2086 aspiras

8 2511 125 2584 pietatis.

149 2115 214 2167 coelo
224 2116 377 2182 suscipiens
388 2122 412 2168 ct
423 2131 476 2168 nou
488 2115 611 2181 referens
620 2117 752 2180 fructum,
765 2116 811 2167 scd
818 2115 964 2182 proferena
983 2116 1081 2182 spinos
1100 2123 1126 2169 et
1136 2117 1260 2183 tribulos,
1270 2118 1367 2185 reprobe

150 2219 188 2265 est
199 2219 223 2264 et
234 2213 375 2266 maledicto
389 2215 536 2279 proxim
546 2213 627 2278 cujus
636 2212 702 2278 finis
714 2213 767 2264 erit
779 2213 808 2264 in
819 2212 1040 2267 comousnorem..
1048 2252 1061 2277 ,
1074 2211 1244 2281 Huiusmodi
1256 2213 1338 2267 verbis
1346 2219 1369 2266 et

150 2309 353 2379 exemplis,cum
364 2312 483 2365 necdum
491 2310 571 2365 robis
576 2326 669 2364 rerum
679 2310 781 2364 veritus
789 2309 940 2375 claruisset,
945 2310 1025 2379 quasi
1031 2311 1207 2381 suggillando
1212 2311 1369 2381 mabeuiguc
1380 2324 1402 2374 to

150 2408 317 2464 instruxistis
328 2416 364 2476 et,
375 2411 451 2465 velut
463 2410 620 2480 operarium
632 2408 836 2480 pusillanimem
849 2406 937 2480 coep'ta
947 2411 984 2463 ad
1000 2410 1085 2465 linem
1098 2416 1208 2466 certum
1219 2427 1275 2466 non
1285 2411 1370 2480 perde

150 2512 259 2563 centem
271 2508 442 2578 militemque
459 2509 611 2578 projectis‘
623 2508 707 2562 armis
719 2508 753 2561 de
765 2507 838 2562 bello
851 2507 945 2562 timide
958 2508 1107 2577 lugientem
1118 2509 1300 2579 redarguistis.
1310 2509 1370 2577 Quid

151 2607 186 2661 ad
194 2607 248 2662 hoc
258 2609 450 2677 responderem
468 2624 527 2677 ego,
539 2607 587 2678 qui
597 2608 692 2662 onmia
701 2624 762 2676 quar
773 2607 838 2661 hino
851 2606 905 2661 dici
913 2612 1034 2676 possent,
1046 2608 1110 2662 sciri
1120 2609 1318 2678 nollemiouid
1328 2610 1371 2665 nisi

151 2707 281 2760 confusus
293 2708 504 2762 erubescerem?
516 2707 577 2775 Quo
595 2724 641 2761 me
653 2707 810 2760 verterem?
821 2707 882 2773 Quo
895 2706 946 2760 nisi
959 2708 994 2761 ad
1005 2707 1114 2775 asylum
1131 2709 1304 2764 conscientie
1314 2725 1372 2763 men

151 2805 295 2875 refugiens,
307 2806 415 2861 interno
428 2808 487 2875 eJ'us
501 2807 661 2861 testimonio
673 2805 860 2860 innocentiam
873 2822 964 2860 meam
977 2806 1138 2861 consolarer
1148 2814 1177 2862 et
1189 2809 1406 2866 defenderemltt

191 2903 226 2960 4.
247 2904 301 2959 Sed
317 2920 370 2958 usu
382 2904 425 2958 vel
438 2920 506 2957 ausu
519 2903 713 2958 familiaritatis
729 2903 857 2972 deinceps
869 2909 1015 2967 crescente,
1028 2920 1091 2957 cum
1102 2904 1217 2973 quidam
1230 2922 1245 2960 e
1257 2907 1373 2960 iratribus

151 3002 197 3070 qui
210 3018 261 3070 pro
273 3001 412 3055 vicinitate
429 3000 562 3055 humilem
580 3001 692 3069 quidem
704 3005 733 3054 et
749 2999 917 3054 laboriosam
935 3000 983 3054 sed
1000 3000 1202 3056 infructuosam
1220 3003 1374 3073 prelationis

150 3118 220 3156 mere
231 3101 329 3155 seriem
348 3105 376 3153 el
394 3100 526 3154 cessionis
538 3117 607 3154 meae
624 3116 721 3154 causas
734 3105 877 3165 noverant,
889 3099 989 3153 auditis
1001 3100 1207 3169 objectionibus
1220 3103 1322 3166 restris,
1336 3120 1374 3157 me

150 3203 321 3262 excusantes,
334 3214 425 3252 rerum
438 3198 518 3251 robis
530 3197 673 3251 veritatem
688 3197 881 3260 insinuassent,
894 3197 921 3250 id
935 3198 1085 3250 elleceruut
1097 3202 1128 3251 ut
1147 3215 1198 3252 ros
1209 3200 1374 3264 miraremini,

149 3303 177 3352 et
188 3298 243 3352 hoc
253 3297 282 3351 in
295 3315 339 3352 me
352 3297 505 3366 probaretis
519 3297 595 3365 quod
607 3298 683 3366 prius
701 3297 909 3365 redargueratis,
921 3296 1104 3364 diceretisque
1120 3298 1179 3365 jam
1193 3300 1273 3353 vobis
1284 3300 1374 3374 mirum
1388 3309 1408 3360 tt

150 3410 206 3448 non
224 3395 312 3449 videri
324 3396 399 3464 quod
412 3395 564 3459 cessissem,
578 3395 625 3448 sed
638 3395 739 3449 mirum
753 3400 781 3448 et
792 3394 973 3449 fortissimum
986 3394 1070 3448 luisse
1082 3396 1158 3464 quod
1171 3398 1279 3453 tamdiu
1290 3398 1376 3467 persti

149 3494 253 3548 tissem.
264 3495 398 3563 Deinceps
408 3494 591 3563 rer0,utpius
600 3494 724 3547 imitator
736 3494 795 3561 ejus
804 3495 882 3561 cujus
894 3493 958 3548 estis
968 3493 1127 3563 discipulus,
1133 3495 1245 3561 Christi,
1253 3497 1375 3551 dicenbs:

151 3594 253 3647 Discite
264 3612 282 3646 a
294 3612 334 3647 me
346 3597 412 3662 quio
423 3597 499 3647 mitia
510 3611 571 3647 sum
583 3601 607 3647 ct
617 3595 731 3646 humilia
741 3595 829 3659 corda
838 3598 866 3646 el
878 3609 934 3646 non
947 3593 1046 3646 surdus
1058 3594 1108 3648 riri
1121 3594 1261 3664 Sapientis
1270 3597 1376 3658 auditor,

150 3692 197 3760 qui
214 3692 254 3747 ait
271 3712 278 3747 ε
301 3695 408 3760 Quanto
419 3711 536 3761 orcynus
552 3710 587 3758 es,
604 3695 721 3746 bomilia
734 3701 758 3746 te
775 3695 805 3745 in
822 3695 954 3759 omuibus,
965 3709 1028 3746 curn
1042 3692 1088 3748 illo
1107 3694 1283 3750 nubilimons
1296 3701 1377 3749 restro

150 3791 305 3846 humillime
323 3809 373 3846 vos
385 3792 456 3846 inter
472 3793 570 3845 fratres
588 3791 713 3859 ageretis,
725 3808 771 3845 me
783 3796 846 3860 pust
863 3791 990 3846 abbatem
1004 3793 1112 3857 domus,
1124 3810 1183 3848 non
1202 3811 1266 3849 meo
1279 3795 1377 3856 merito,
1391 3803 1408 3852 t

151 3891 199 3945 sed
208 3891 365 3960 dignatione
378 3896 477 3953 vestra,
489 3907 599 3945 summo
610 3890 716 3944 honore
727 3907 760 3943 ac
772 3890 794 3944 si
804 3907 898 3959 parem
912 3891 955 3945 rel
968 3891 1060 3958 potius
1071 3898 1179 3961 patrem
1200 3894 1379 3962 precoluistis,

150 4006 206 4045 uon
223 3991 371 4045 immemor
383 3990 459 4044 verbi
472 3990 559 4045 illius:
572 3992 672 4044 Corum
683 4007 750 4044 cano
761 3993 847 4058 cupite
858 4008 997 4058 coneurpe,
1009 3996 1036 4044 et
1048 3991 1076 4044 in
1088 3993 1166 4047 omni
1185 3993 1244 4047 lere
1256 4010 1378 4049 consesm

151 4089 271 4157 primum
283 4091 382 4159 saepius
392 4107 475 4158 quam
489 4091 640 4144 secundum
653 4090 753 4153 locum,
762 4089 826 4142 licet
838 4089 981 4154 obnitenti,
992 4090 1119 4145 cessistis.

193 4188 226 4246 5.
249 4187 317 4242 Cum
335 4192 427 4241 autem
441 4194 468 4240 et
486 4187 638 4241 binomium
652 4203 766 4241 measse
777 4187 968 4257 percepissetis
980 4188 1128 4257 (siquidem
1141 4190 1305 4245 Guibertum
1318 4191 1378 4245 tlar-

151 4289 238 4342 tinum
252 4286 343 4341 vocari
355 4285 520 4339 creberrime
537 4285 709 4349 audiebatis),
721 4284 846 4339 sollerter
856 4286 929 4339 unde
941 4286 1010 4339 mihi
1022 4291 1050 4339 et
1062 4285 1116 4339 hoc
1128 4286 1271 4355 inquirere
1283 4289 1380 4344 studui·
1395 4300 1406 4349 t

149 4387 206 4441 stis.
219 4386 393 4454 Responsum
407 4391 449 4439 est
465 4384 500 4438 ab
518 4384 561 4437 his
573 4384 620 4453 qui
638 4390 780 4449 noverant,
793 4385 829 4437 ab
847 4384 958 4438 ineunte
976 4389 1056 4438 aetale
1075 4385 1145 4439 mihi
1158 4403 1316 4457 cognomen
1333 4390 1381 4442 hoc

149 4485 257 4540 Martini
270 4484 439 4553 impositum,
457 4500 490 4537 eo
504 4484 577 4553 quod
591 4484 701 4537 beatum
715 4484 860 4537 Martinum
874 4484 1010 4553 praecipua
1021 4500 1131 4552 semper
1142 4486 1295 4542 devotione
1307 4506 1382 4543 exco-

149 4584 270 4649 luissent,
279 4584 349 4637 adeo
360 4589 390 4637 ut
402 4584 427 4636 ei
438 4583 464 4636 iu
476 4583 666 4636 Gemblacensi
677 4583 802 4638 cenobio
813 4583 929 4651 eleganti
942 4588 1077 4637 structura
1088 4584 1243 4640 oratorium
1256 4588 1383 4642 adiiicas·
