3142 5392
166 319 238 392 ula
500 342 626 396 cursu.
651 343 754 397 cono.
780 342 1056 396 usercensemc.

167 529 310 599 assignatis
322 531 444 584 securius
461 532 596 586 utebatur.
608 532 685 586 Unde
703 533 859 601 frequenter
876 532 975 586 accidit
991 537 1023 586 ut
1034 532 1150 586 multam
1161 534 1333 604 penuriampute
1408 531 1421 535 '⁴

167 634 248 690 retur¹
261 631 425 698 quandoque
434 631 498 684 solis
510 630 618 684 tortulis
626 648 689 685 cum
699 631 780 685 melle
791 631 908 685 conditis
917 637 998 685 utens
1011 651 1018 685 :
1029 648 1092 700 quae
1107 648 1176 701 pane
1187 633 1239 687 solo
1247 636 1335 688 cunsdr

168 728 329 781 fautricibus
337 728 454 781 libenter
465 734 594 782 contenta
603 730 706 794 luisset,
718 729 741 783 si
751 730 833 783 talem
843 745 898 798 quo
909 746 1005 783 secure
1015 731 1055 783 uti
1065 735 1172 799 poterat
1180 731 1267 784 habere
1273 733 1337 801 potuis
1401 716 1406 739 ⁵

167 831 215 877 set.
226 825 460 879 Praemuuiebatur
468 825 574 879 occulte
586 842 603 878 a
614 826 713 880 marito
725 827 759 880 de
771 826 871 893 quibus
882 826 992 880 ierculis
1004 827 1119 894 singulis
1130 827 1230 880 vicibus
1238 829 1339 883 serviretur
1403 818 1421 903 '¹

168 923 194 976 in
205 923 280 976 curia
290 924 299 958 ¹
310 930 337 977 et
345 924 504 993 plerumque
515 926 585 978 inter
593 926 701 979 diversa
711 925 812 978 fercula
820 925 893 978 same
903 931 930 978 et
939 925 984 978 siti
994 926 1028 978 de
1039 925 1196 979 obedientia
1204 927 1371 989 valdealicies'

168 1022 571 1076 butunl'ratereaincommodo
581 1024 765 1092 religiosarum
774 1024 927 1092 puellamm
935 1024 1342 1094 suarumdomesticorunqueibi

142 1177 143 1180 ,
167 1121 255 1189 magis
266 1138 347 1189 quarn
361 1138 411 1174 suo
424 1122 602 1190 affligebatur.
615 1123 664 1176 Die
676 1123 794 1190 quadam
808 1123 957 1175 convivans
968 1138 1032 1175 cum
1045 1123 1158 1176 domino
1170 1124 1343 1191 suo‚anrultipl
1407 1127 1421 1135 ”

168 1218 245 1271 cibus
262 1219 371 1272 ferculis
392 1221 450 1286 ejus
468 1237 497 1272 se
516 1221 654 1282 abstinuit,
667 1222 787 1290 quinque
808 1226 914 1274 tantum
932 1220 1126 1274 minutissimis
1137 1221 1344 1275 aviculiscurnsuis
1408 1202 1418 1233 ²

168 1323 304 1371 contenta..
319 1317 442 1384 Quadam
457 1319 500 1372 die
516 1319 631 1382 sabbati,
643 1337 705 1372 cum
719 1319 776 1388 ipsa
787 1320 930 1387 jejunaret,
941 1325 1037 1373 secuta
1051 1325 1094 1373 est
1106 1320 1242 1374 dominum
1258 1320 1345 1373 nunu
1412 1324 1421 1331 ”

170 1433 295 1485 nunqnam
305 1417 525 1486 dietamseptem
534 1417 802 1471 circitermilliarium
813 1417 990 1472 Alamannia.
999 1419 1032 1471 In
1041 1436 1097 1488 qua
1106 1420 1221 1472 viscum
1230 1419 1372 1479 non¹inrett
1411 1398 1421 1428 τ’

170 1516 239 1568 niret
250 1514 326 1568 cibos
342 1516 442 1583 quibus
457 1516 561 1584 absque
574 1519 694 1570 cauterio
705 1517 878 1570 conscientiae
890 1517 963 1570 vesci
976 1517 1075 1587 potuit,
1085 1523 1144 1571 tota
1156 1518 1199 1571 die
1210 1518 1251 1571 illa
1261 1519 1348 1586 equitans
1412 1498 1415 1503 ¹

171 1627 225 1664 non
243 1612 294 1664 nisi
309 1630 432 1681 grossum
450 1631 547 1683 panem
567 1614 673 1683 nigrum
688 1620 715 1669 et
726 1616 825 1669 durum
839 1616 866 1668 in
878 1616 994 1685 simplici
1006 1632 1080 1684 aqua
1092 1616 1181 1669 calida
1197 1616 1270 1670 molle
1280 1618 1348 1670 tuctur
1416 1595 1421 1601 ¹

169 1727 231 1763 cum
244 1711 392 1779 gratiarnm
401 1713 508 1766 actione
518 1714 688 1767 comedebat.
700 1714 833 1767 Praeterea
845 1714 901 1767 filia
910 1714 1075 1768 obedientia
1088 1730 1144 1768 nou
1156 1715 1241 1769 solum
1250 1716 1280 1768 ab
1289 1714 1349 1767 illicite

170 1810 317 1878 acquisitis¹
335 1812 383 1864 sed
400 1817 428 1864 et
447 1813 460 1845 ⁸
478 1814 639 1882 asuspectis
656 1813 763 1881 penitus
778 1813 949 1876 abstinebat;
961 1829 1058 1867 verum
1074 1814 1159 1867 etiam
1176 1814 1222 1868 ubi
1235 1814 1349 1883 potuitriu

170 1909 257 1975 passis
266 1909 331 1962 satis
340 1910 399 1962 lieri
408 1912 579 1979 procurabat.
588 1911 720 1977 Quamvis
729 1929 778 1980 pro
787 1917 844 1965 tam
854 1911 981 1980 singulari
992 1917 1020 1965 et
1030 1912 1191 1966 inconsueto
1200 1929 1269 1966 more
1277 1910 1377 1967 virendo
1415 1920 1419 1923 '

170 2011 227 2058 tam
237 2005 364 2060 dominus
373 2008 431 2075 ejus
441 2009 487 2075 qui
498 2008 558 2061 baec
567 2008 727 2069 sustinebat,
738 2025 821 2076 quam
831 2009 891 2078 ipsa
900 2009 1001 2063 multas
1012 2010 1226 2064 contumeliosas
1235 2010 1350 2063 oblatratio

171 2118 219 2156 nes
228 2121 244 2156 a
253 2104 315 2157 filiis
324 2106 406 2174 hujus
414 2107 497 2160 seculi
508 2107 535 2160 in
544 2108 613 2160 facie
623 2108 745 2175 quotidie
755 2107 909 2161 tolerarent.

212 2201 269 2258 30.
289 2203 366 2268 Item,
379 2219 441 2256 cum
453 2204 497 2258 die
509 2204 628 2273 quadam
649 2204 735 2273 gratia
747 2203 875 2256 visitandi
887 2203 1088 2258 marchionissa
1100 2205 1266 2260 Missenensis
1278 2205 1351 2258 adun

171 2306 312 2369 tamquam
322 2300 356 2352 ed
366 2305 509 2367 cognatam
518 2317 596 2353 suam
609 2300 736 2364 venisset,
746 2300 841 2353 eadem
854 2300 924 2353 hora
935 2318 952 2353 a
964 2301 1095 2369 magistro
1109 2302 1232 2355 Conrado
1242 2303 1353 2354 uocabat

170 2416 219 2468 per
230 2399 426 2454 internuntium
439 2400 474 2452 ad
486 2400 714 2468 praedicationem.
726 2398 792 2466 Quae
806 2415 869 2452 cum
882 2405 938 2453 tarn
950 2400 1038 2467 gratia
1055 2405 1084 2453 et
1101 2401 1214 2454 caritate
1222 2416 1292 2469 quam
1301 2404 1380 2457 seua!

171 2499 233 2552 dato
251 2500 401 2552 recentium
417 2500 555 2568 hospitum
571 2516 683 2553 suorum
696 2499 828 2553 nobilium
846 2500 881 2552 ad
893 2516 1011 2568 presens
1023 2500 1144 2565 detenta,
1162 2500 1282 2554 humilem
1292 2513 1353 2569 prose

172 2598 375 2652 excusationem
388 2599 550 2652 remittendo
564 2599 671 2652 ueniam
685 2599 842 2667 postularet,
851 2604 960 2667 postera
972 2599 1015 2652 die
1025 2614 1089 2652 cum
1102 2600 1267 2654 festinatione
1277 2598 1353 2652 adeun

172 2697 283 2750 veniens
296 2697 490 2765 indulgentiam
504 2698 695 2751 inobedientiae
713 2698 856 2765 praeteritae
873 2714 934 2750 cum
953 2699 1028 2752 omni
1047 2698 1204 2752 humilitate
1219 2695 1353 2768 supplicitei

172 2794 220 2847 Cui
230 2795 360 2863 magister
371 2796 512 2848 Conradus
523 2796 605 2848 nimis
617 2797 737 2849 offensus
748 2796 914 2863 tandemque
923 2812 986 2848 cum
998 2812 1100 2864 magna
1109 2797 1262 2850 difficultate
1268 2793 1354 2862 aliquan

172 2893 259 2946 tulum
272 2894 402 2965 placatus,
418 2900 471 2947 tarn
489 2895 539 2963 ipsi
552 2911 635 2963 quam
647 2894 751 2946 ancillas
763 2895 822 2960 ejus
833 2911 920 2962 usque
932 2894 966 2947 ad
980 2895 1108 2947 camisias
1120 2895 1269 2964 exspoliatis
1279 2896 1294 2959 ⁸,
1305 2891 1381 2961 ped-s

97 3025 99 3028 -
173 2992 278 3059 busque
298 2992 354 3045 suis
374 2993 532 3061 provolutis,
553 2994 652 3047 acris⁶
673 2994 814 3046 verberum
835 2993 1061 3061 castigationibus
1079 2993 1187 3062 culpam
1206 2991 1354 3047 inobedientis

174 3089 311 3143 relaxavit

213 3188 272 3244 31.
292 3189 326 3240 Et
334 3189 387 3241 hoc
397 3188 506 3257 quidem
521 3188 628 3240 virente
638 3188 728 3240 adbuc
740 3188 838 3240 marito
852 3188 911 3253 ejus
920 3188 1023 3241 factum
1037 3188 1199 3242 salvemur
1209 3191 1355 3257 postmortem

174 3287 257 3355 ipsius
274 3286 402 3353 magister
420 3285 561 3338 Conradus
579 3301 689 3337 ornnem
707 3290 895 3352 contemptum
916 3284 1021 3337 ancillae
1042 3285 1143 3339 Christi
1161 3284 1314 3354 persuadens
1325 3277 1356 3332 itta

175 3385 280 3438 modico
291 3389 384 3453 postea
393 3389 515 3452 tempore
528 3383 620 3451 elapso
630 3382 809 3450 quammdam
822 3383 953 3435 Sororum
966 3387 1030 3435 tunc
1041 3383 1173 3452 temporis
1184 3380 1385 3452 despectissima-u

174 3501 233 3536 rum
247 3483 407 3537 vilissimum
427 3482 600 3550 griseumque
617 3482 705 3534 induit
722 3481 855 3534 hobitum.
871 3481 1026 3549 Aliquando
1039 3483 1170 3550 magister
1181 3481 1307 3536 Conradus
1319 3477 1359 3542 eja

174 3581 353 3635 constantiam
362 3580 456 3633 volens
465 3580 589 3648 experiri,
599 3580 658 3646 ejus
668 3579 695 3631 in
706 3578 834 3631 omnibus
843 3579 922 3647 fregit
931 3579 1111 3633 voluntatem.
1120 3580 1219 3635 Omnia
1227 3570 1360 3655 quoquesibi

174 3681 287 3734 molesta
297 3681 309 3713 ⁶
320 3685 347 3732 et
359 3679 534 3731 incommoda
546 3677 725 3746 precipiebat.
738 3676 825 3743 Quam
841 3682 871 3729 ut
883 3677 968 3745 magis
980 3678 1121 3746 affligeret,
1137 3679 1255 3747 singulos
1269 3685 1361 3745 quosque

174 3779 207 3831 de
220 3779 323 3831 familia
335 3794 385 3830 sua
397 3778 509 3830 dilectos
521 3777 556 3829 ab
569 3793 601 3829 ea
613 3775 750 3843 sigillatim
765 3776 869 3843 repulit,
885 3780 915 3828 ut
927 3776 961 3829 de
982 3776 1107 3843 quolibet
1121 3794 1170 3846 per
1185 3794 1214 3830 se
1225 3772 1364 3844 singulariter

174 3876 278 3930 doleret
290 3877 308 3929 l.
321 3876 473 3929 Novissime
482 3875 602 3943 singulas
611 3874 715 3943 puellas
724 3874 775 3927 sibi
786 3874 812 3926 in
824 3874 932 3927 Christo
941 3875 1092 3943 praedulces
1101 3880 1129 3928 et
1138 3877 1174 3929 ab
1184 3874 1394 3929 infantiaeque

174 3980 348 4029 conversatas
359 3991 419 4027 rum
430 3974 522 4027 multis
532 3974 669 4042 utrimque
680 3973 800 4025 lacrimis
812 3978 839 4025 et
848 3972 1060 4026 contritionibus
1072 3990 1134 4027 eam
1149 3975 1271 4028 deserere
1281 3972 1369 4032 fecitne

174 4073 244 4125 lorte
253 4075 286 4125 de
298 4073 468 4125 antehabita
480 4072 565 4141 gloria
574 4072 744 4125 conferentes
756 4071 848 4124 dolere
861 4087 894 4124 ex
906 4071 959 4124 hoc
972 4077 1055 4140 atque
1068 4074 1170 4126 tentari
1182 4073 1372 4142 aliquandotou-

174 4172 296 4239 tingeret.
308 4171 411 4224 Idcirco
429 4171 504 4224 omui
521 4171 643 4224 humano
655 4170 743 4223 voluit
757 4187 818 4222 eam
835 4169 945 4224 destitui
962 4170 1070 4234 solatis,
1087 4177 1117 4225 ut
1133 4172 1186 4226 soli
1199 4174 1256 4226 Deo
1271 4168 1376 4226 sincerius
1419 4166 1421 4181 '

174 4286 203 4322 se
213 4271 395 4338 conjungeret
407 4269 537 4336 Adjunxit
549 4275 641 4322 autem
650 4269 674 4322 ei
686 4273 809 4321 austeras
819 4268 947 4332 feminas,
956 4285 973 4320 a
984 4268 1087 4336 quibus
1099 4271 1205 4324 multas
1216 4272 1381 4341 oppressiones

174 4368 309 4422 sustinuit.
322 4367 387 4433 Quae
399 4369 490 4431 etiam,
503 4368 573 4421 sicut
589 4369 719 4436 magister
726 4348 870 4420 'Gom-artus
887 4367 927 4420 eis
939 4368 1044 4420 occulte
1064 4367 1234 4436 injunxerat,
1246 4388 1276 4426 se
1288 4371 1385 4442 captiose
1396 4374 1417 4426 ll

210 4598 263 4663 ¹(s.
275 4597 302 4651 in
314 4599 348 4662 c.)
359 4597 387 4651 in
400 4615 422 4650 c.
435 4614 455 4650 s.
467 4597 625 4650 ⁹2.-²non
638 4597 869 4659 aducamus
883 4599 911 4649 tn
924 4598 947 4649 1.
966 4597 1300 4664 -tetoddeaemees
1311 4605 1396 4658 inl.-

174 4681 186 4712 ⁴
197 4683 260 4733 add.
273 4683 302 4732 in
315 4682 326 4732 1
340 4698 425 4746 srtpra
436 4682 484 4733 lin.
497 4679 625 4733 vestibus
640 4708 668 4716 -
680 4681 690 4712 l
702 4683 741 4733 sic
753 4681 775 4743 1,
785 4680 807 4732 ἓ.
820 4707 851 4718 -
864 4679 876 4714 ⁰
888 4679 1015 4732 molestia
1027 4681 1049 4743 1,
1059 4680 1085 4733 2
1098 4710 1133 4718 —
1147 4682 1159 4716 ¹
1173 4685 1282 4740 coleret
1293 4688 1317 4741 2
