3142 5392
322 117 413 167 aran.
440 117 521 168 nno.
548 117 721 168 sarxena.
748 139 795 147 —
822 118 902 168 con.
930 109 968 167 ΝΟ
994 116 1120 169 saar-rr.
1269 99 1340 169 alr

107 254 233 389 ¹¹§ditio
242 308 393 360 literalibus
403 309 542 361 llinorum
551 308 585 361 ad
595 324 659 361 ann.
674 308 745 372 last,
757 325 813 377 quo
826 307 946 361 creditur
958 308 1014 360 rita
1027 307 1144 361 functus.
1155 307 1234 374 Quod
1247 312 1341 361 tamm

94 450 98 455 .
110 363 223 457 *hunde
232 410 355 459 constare
366 412 488 474 oportet:
499 422 565 460 nam
577 408 612 461 de
623 424 697 461 anno
714 405 861 461 emortuali
878 408 941 461 silet
952 407 1022 460 vus
1034 411 1137 459 auctor.
1150 406 1248 459 Nostra
1260 411 1342 461 atate

39 480 49 561 ,τ
113 468 188 552 Ἣ,
196 504 323 558 Adrianus
339 503 450 558 Leclerc
459 505 487 558 in
499 505 600 559 celebri
609 523 692 574 opere
702 506 746 559 cni
755 505 852 560 titulus
862 508 985 559 Histoire
996 506 1130 559 littdroire
1144 508 1176 558 de
1185 507 1212 559 lo
1223 506 1341 569 Franco,

37 666 42 681 Ι
156 602 252 666 Mil,
261 621 287 672 p.
297 604 355 667 591,
368 603 470 657 latetur
481 604 532 657 sibi
544 605 638 659 Vitam
646 605 756 674 llogerii
766 605 982 673 manuscriptam
995 605 1029 657 ad
1042 620 1155 657 manum
1169 620 1225 657 non
1237 604 1321 659 luisse
1334 624 1341 658 :

33 764 38 773 ¹
115 672 244 773 lucrm
254 703 288 756 de
297 701 356 771 ipso
366 703 518 756 venerabili
528 703 586 757 viro
599 720 683 772 quam
696 704 730 757 de
743 704 811 757 Vitae
821 709 933 757 auctore
943 703 1051 771 scripsit
1062 703 1095 757 iis
1105 703 1185 756 nixus
1195 719 1256 771 qua
1267 704 1340 773 apud

43 802 50 817 ²
113 760 288 870 blutingum
298 806 326 855 et
334 801 404 855 alios
413 802 523 855 Ordinis
531 803 672 872 Seraphici
684 803 921 872 historiographos
933 804 1069 871 leguntur.

10 874 38 977 b·
148 892 217 964 Quod
234 898 331 969 siquis
350 899 470 969 inquirat
482 917 531 954 cur
547 901 737 971 RogeriiVita,
755 902 878 955 nondum
891 902 1009 956 solemni
1025 902 1129 970 Judicio
1142 902 1214 955 inter
1230 907 1342 957 sanctos

10 984 30 1083 f
45 980 55 993 ⁸
110 994 339 1057 'detidualectic
348 999 449 1054 nostris
458 1000 600 1066 inseratur,
614 1001 700 1055 facilis
713 1001 765 1055 erit
776 1002 926 1071 responsio.
937 1001 1031 1071 Neque
1044 1003 1117 1055 enim
1131 1001 1246 1055 historia
1258 1018 1341 1056 vene·

52 1118 57 1127 ·
105 1094 233 1151 martium
242 1099 366 1152 virorum
383 1101 430 1168 qui
449 1104 477 1152 et
494 1099 521 1152 in
533 1101 591 1154 rita
603 1104 631 1153 et
642 1105 704 1169 post
715 1106 834 1154 mortem
846 1101 949 1154 eximia
957 1100 1111 1154 sanctitatis
1124 1100 1199 1153 fama
1211 1100 1341 1154 celebrati

10 1262 16 1281 Ι
100 1200 171 1259 runt
180 1211 198 1247 a
211 1211 241 1248 ro
252 1195 468 1265 hagiographica
479 1197 593 1251 omnino
603 1198 693 1251 aliena
704 1199 790 1252 videri
803 1200 892 1264 debet,
904 1217 990 1268 quum
1008 1199 1159 1269 praesertim
1176 1199 1219 1252 his
1236 1204 1341 1268 tempo·

10 1326 12 1333 =
97 1292 435 1349 ribusnonrarofactum
454 1297 489 1350 sit
504 1301 536 1350 ut
548 1313 597 1366 per
607 1298 771 1351 sententiam
790 1315 873 1367 quam
901 1298 994 1351 dicunt
1013 1299 1230 1352 confirmationis
1249 1299 1340 1352 cultus

86 1390 201 1447 Sanam
215 1392 303 1446 Sedes
311 1394 369 1461 jam
382 1394 422 1447 eis
434 1394 555 1448 coelitum
567 1395 688 1448 honores
699 1395 782 1449 tribui
794 1396 896 1449 siverit.
913 1396 1008 1465 ltaque
1021 1401 1048 1450 et
1064 1397 1134 1450 inter
1152 1400 1221 1451 Acta
1231 1398 1341 1451 Sancto·

83 1510 157 1545 rum
179 1507 243 1545 non
267 1508 330 1546 raro
341 1493 501 1561 hujusmodi
514 1494 688 1548 documentis
705 1509 721 1546 a
733 1495 884 1562 majoribus
897 1497 999 1549 nostris
1016 1495 1093 1549 locus
1111 1496 1191 1549 datus
1201 1501 1251 1550 est.
1264 1525 1296 1536 ·-
1307 1496 1341 1550 Et

76 1590 165 1645 idem
188 1591 333 1659 judicium
353 1597 412 1646 esto
433 1593 467 1646 de
486 1593 664 1662 subsequenti
685 1594 1060 1648 vitaVen.1t1isahethaeuc
1083 1595 1241 1649 Erkenrode
1255 1599 1283 1648 et
1306 1595 1340 1649 de

69 1690 186 1747 libello
202 1692 248 1743 De
257 1694 326 1744 viris
344 1693 499 1745 illustribus
515 1693 623 1746 Viridis
634 1695 714 1747 callio
725 1693 808 1758 (inira
819 1694 879 1747 cod.
890 1694 1022 1759 aruo-⁹28).

195 1808 240 1879 3⁰
267 1806 353 1880 Vita
370 1807 559 1882 Elisabeth
577 1808 871 1882 sanctimonialis
888 1809 926 1883 in
944 1811 1168 1900 Erkaurode,
1190 1809 1342 1914 Ordinis

250 1930 516 2022 CisterciensiS,
535 1931 749 2006 Leodiensis
766 1933 933 2006 dioecesis
947 1934 1025 2026 (iol.
1043 1935 1237 2026 llll-ldlll).

106 2071 189 2124 vira
213 2074 334 2124 auctore
352 2069 487 2140 Philippo.
511 2070 711 2124 claravallensi
738 2070 847 2135 abbate,
870 2070 968 2140 gallico
995 2088 1122 2125 sermone
1145 2071 1219 2125 edita
1244 2072 1340 2125 Leodii

59 2186 162 2223 anno
180 2169 266 2230 1650,
278 2166 402 2220 nondum
417 2172 519 2230 tamen,
536 2170 567 2220 ut
585 2167 700 2230 videtur,
716 2167 869 2221 secundum
887 2168 1080 2237 primigenium
1098 2173 1203 2221 textum
1223 2167 1341 2237 vulgata.

56 2269 164 2323 Unde
180 2282 256 2320 eam
265 2265 313 2319 hic
325 2265 353 2319 in
364 2266 521 2335 Appendice
531 2265 716 2319 exhibendam
725 2266 862 2320 duximus.
872 2267 911 2320 De
921 2266 1071 2320 venerabili
1080 2266 1239 2320 Elisabetha
1247 2281 1340 2320 sermo

56 2369 125 2423 ruit
142 2368 182 2421 in
198 2368 267 2419 Aet.
279 2366 327 2419 SS.
339 2365 374 2419 ad
386 2365 412 2418 d.
424 2366 454 2418 19
466 2364 596 2428 octobris,
609 2363 679 2417 inter
691 2365 897 2433 praetermissos.

562 2601 855 2612 ---——---..

416 2897 621 3008 appendix
645 2896 695 2984 ad
720 2899 802 2984 cod.
830 2897 1020 2987 taor-71.

132 3174 185 3219 ns
212 3170 397 3215 unanimam
418 3170 537 3215 suarna
560 3171 703 3229 nonnam,
724 3172 753 3214 ο.
775 3171 801 3214 s.
823 3172 872 3215 ru.
895 3151 971 3233 (Cir.
994 3172 1068 3234 pag.
1089 3171 1197 3234 praec„
1220 3153 1278 3235 2⁰.)

318 3367 448 3440 Inotptt
468 3369 640 3440 prologus
659 3368 704 3426 de
724 3367 806 3427 vite
826 3368 954 3426 hamis
975 3369 1133 3439 Rogertt.

125 3582 170 3637 1.
199 3582 213 3603 ·
231 3574 319 3629 Unice
329 3573 366 3639 (1)
375 3574 428 3627 sibi
437 3590 502 3628 caro
512 3574 540 3628 in
548 3574 669 3628 Domino
678 3573 751 3638 lesu,
761 3589 812 3626 suo
822 3573 908 3631 fratri.
920 3574 1072 3626 reverendo
1082 3573 1152 3641 patri
1161 3572 1340 3641 [Raymnndo

68 3686 86 3711 ⁸
110 3676 206 3737 Petri
216 3674 279 3743 (ΞΠ,
291 3674 378 3728 irater
386 3671 529 3741 hogerius,
537 3672 596 3740 ejus
606 3675 680 3725 totus
688 3686 840 3738 servusque
849 3669 1043 3737 indignuS‚Dei
1053 3669 1096 3722 sui
1105 3669 1261 3724 beatificam
1271 3670 1341 3724 cari-

70 3788 86 3811 ⁸
111 3785 230 3835 uitem.
247 3801 281 3812 -
297 3772 380 3827 Manu
391 3770 503 3840 propria
519 3770 610 3824 scribo
623 3770 681 3834 tibi,
693 3771 778 3823 frater
795 3768 945 3832 carissime,
958 3783 1048 3836 neque
1067 3768 1093 3821 id
1106 3769 1181 3836 quod
1198 3768 1258 3836 tibi,
1270 3786 1343 3835 care,

71 3886 86 3909 ⁸
112 3872 327 3934 communicat
341 3870 486 3925 familiaris
497 3870 597 3923 caritas
614 3869 663 3922 Dei
676 3868 739 3931 mei,
756 3868 792 3921 ad
804 3883 885 3920 aures
896 3867 1039 3936 perveniat
1054 3865 1177 3935 alicujus.
1190 3867 1250 3921 Hoc
1265 3868 1340 3922 enim

73 3986 88 4009 ⁸
112 3976 253 4033 fimiter
263 3971 316 4027 tibi
327 3970 465 4045 praecipio,
482 3968 557 4039 quod
568 3967 727 4038 superbiam
739 3983 795 4020 non
808 3971 919 4035 reputes
936 3981 986 4019 seu
1004 3965 1150 4035 imperium
1167 3967 1341 4027 dominandi.

73 4083 89 4106 ⁸
112 4074 176 4131 sed
199 4068 344 4127 cautelam
364 4068 457 4139 potius
475 4067 658 4123 subsistendi:
675 4082 711 4119 ne
730 4065 816 4118 modo
834 4063 927 4132 aliquo
944 4064 989 4116 vel
1007 4063 1114 4117 ratione
1134 4065 1191 4118 ulla
1207 4082 1270 4134 quae
1289 4066 1339 4119 tibi

73 4184 89 4208 ¹
113 4174 225 4233 scribo
242 4186 295 4226 seu
311 4168 399 4223 ullum
411 4168 542 4237 scriptum
555 4168 643 4236 ipsum
656 4165 737 4219 alicui
750 4163 921 4217 manifestes.
938 4162 1146 4217 Unanimiorem
1160 4163 1233 4217 enim
1247 4163 1339 4217 habeo

111 4392 158 4457 (1)
176 4383 339 4442 Exorditur
357 4379 416 4433 haec
436 4378 533 4434 relatio
554 4378 594 4432 sic
611 4379 647 4431 ab
667 4378 785 4448 epistola
803 4380 896 4432 statim
914 4382 976 4447 post
993 4377 1130 4431 rubricam
1146 4392 1293 4430 rnocoous,
1305 4407 1339 4417 -

70 4478 118 4543 (2)
138 4472 209 4527 troc
220 4479 331 4522 nomen
343 4461 418 4532 quod
430 4461 475 4516 hic
487 4460 601 4516 omnino
614 4461 751 4515 omittitur
763 4461 791 4513 in
804 4460 905 4525 codice,
918 4459 1056 4512 invenitur
1069 4459 1139 4512 inira
1152 4475 1226 4513 num.
1240 4460 1280 4514 10.
