3142 5392
168 306 240 380 360
502 324 628 377 caran.
654 325 758 379 cono.
783 325 1062 381 membrarum.

168 515 308 584 quoddam
328 514 430 569 ostium
447 530 577 584 magnum
595 515 624 568 in
641 514 739 569 coelum
754 515 834 583 juxta
851 531 925 570 eum.
934 515 1052 570 Dicebat
1067 519 1141 587 quod
1156 519 1184 574 in
1197 524 1257 575 huto

170 618 229 668 erat
239 612 332 667 anima
349 613 408 680 eius
425 613 536 682 quando
553 612 605 666 ista
622 612 740 678 videbat,
758 614 832 682 quod
849 613 927 668 nullo
939 615 1024 669 modo
1043 621 1132 685 potest
1142 617 1191 672 dici
1205 618 1260 673 vela

170 712 204 766 Et
214 728 322 780 semper
336 711 364 764 in
377 709 500 779 quolibet
516 727 589 765 novo
605 711 753 776 accidebat,
766 712 972 782 duplicabatur;
990 715 1020 768 in
1031 719 1138 769 tantum
1152 717 1249 785 quodin

171 809 240 862 adeo
257 807 468 877 multiplicatum
485 807 559 876 quod
576 806 652 860 nulla
668 824 747 861 mens
763 813 857 877 posset
875 809 902 863 in
920 810 979 863 vita
996 810 1050 864 hac
1068 815 1173 866 tantum
1189 815 1260 867 sustin

171 908 355 976 dispensative
366 910 493 975 ageretur
509 905 537 959 in
555 922 595 959 ea.
606 905 690 960 Facto
705 907 787 976 igitur
803 907 850 961 illo
869 907 940 961 ostio
958 908 1078 971 incaelo,
1096 910 1175 978 coepit
1189 915 1260 964 allent

171 1006 268 1059 derare
282 1010 310 1058 et
327 1005 461 1073 respicere
478 1003 501 1057 si
519 1003 617 1071 aliquis
634 1007 749 1060 veniret.
765 1006 799 1059 Et
816 1006 882 1058 dum
900 1006 1056 1075 respiceret,
1075 1007 1144 1061 vidit
1159 1008 1256 1062 beatum

171 1103 327 1173 apostolum
338 1105 487 1170 ponentem
500 1105 582 1168 caput
592 1106 670 1154 extra
681 1102 783 1156 ostium
795 1107 823 1157 et
833 1103 1026 1172 respicientem
1039 1105 1161 1174 undique
1175 1105 1224 1160 huc
1233 1111 1260 1160 at

171 1218 234 1256 cum
246 1201 365 1270 quadam
378 1199 539 1253 auctoritate
556 1205 584 1253 et
602 1200 694 1254 vultus
710 1203 852 1271 gravitate,
869 1207 1014 1272 tamquam
1033 1204 1056 1257 si
1074 1220 1108 1257 ex
1125 1210 1230 1274 aspectu
1243 1223 1260 1258 si

172 1302 263 1355 dicere
275 1321 282 1355 ι
293 1302 417 1355 Faciatia
426 1306 497 1356 ciam
507 1311 531 1363 et
541 1307 610 1358 delia
620 1305 706 1357 locum
718 1310 741 1356 et
753 1305 930 1356 reverentiam
942 1305 986 1356 illi
997 1321 1096 1370 mayoc
1113 1308 1171 1372 repi
1184 1309 1227 1374 qui
1241 1324 1260 1358 a

172 1399 253 1465 lacto,
265 1417 391 1455 reversus
403 1407 444 1456 est
456 1403 537 1457 intus.
554 1403 621 1457 Post
637 1402 748 1455 Petrum
761 1406 853 1455 autem
864 1401 939 1454 venit
948 1401 1047 1455 beatus
1056 1402 1158 1456 Paulus
1167 1409 1193 1457 et
1201 1404 1256 1456 lecit

172 1499 244 1552 sicut
254 1498 319 1553 lecit
331 1500 427 1554 beatus
438 1501 543 1565 Patrue,
557 1501 594 1555 ita
606 1501 680 1569 quod
692 1516 726 1554 ex
740 1500 897 1568 aspectibus
915 1517 1013 1554 eorum
1030 1501 1116 1555 frater
1134 1502 1257 1572 Rogerius

174 1598 321 1652 Dominum
334 1604 457 1653 nostrum
470 1601 562 1654 lesum
573 1600 712 1654 Christum
725 1615 785 1653 esse
797 1604 952 1662 venturum,
963 1604 992 1652 et
1007 1615 1041 1652 ex
1057 1600 1147 1654 multa
1163 1616 1260 1655 reveren

174 1675 388 1750 valde'timidus
400 1698 467 1751 Post
477 1698 620 1767 paululum
632 1704 725 1751 autem
738 1697 807 1750 vidit
819 1698 888 1750 duos
900 1695 962 1751 illos
973 1698 1125 1766 apostolos,
1138 1698 1260 1752 scilicetP

174 1794 298 1860 Paulum,
312 1795 480 1849 adducentes
499 1813 562 1849 cum
580 1795 733 1849 admirabili
753 1794 913 1859 reverentia,
930 1811 1002 1849 unus
1019 1812 1054 1849 ex
1072 1801 1150 1866 parte
1167 1813 1219 1850 una
1233 1802 1256 1850 et

175 1893 269 1957 altera,
282 1894 429 1948 Dominum
442 1894 535 1949 Jesum
548 1894 697 1958 Christum,
709 1895 780 1947 sicut
791 1894 899 1948 ducitur
910 1909 927 1946 a
938 1894 1072 1949 ministris
1084 1895 1111 1949 in
1128 1897 1260 1965 processior

177 1994 240 2057 dos;
252 1998 280 2047 et
294 1998 467 2047 transeuntes
482 1998 545 2047 ante
559 1994 671 2047 fratrem
686 1993 834 2061 Rogerium
847 1993 932 2047 ibent
944 1994 1038 2047 Frater
1050 2000 1145 2049 autem
1157 1995 1260 2064 Rogeriu

178 2108 285 2146 currere
295 2097 359 2162 post
369 2108 442 2157 eum,
450 2097 477 2146 et
486 2092 623 2146 clamabat
631 2091 778 2146 fortissime
789 2111 795 2145 :
808 2094 930 2157 Domine,
942 2095 1005 2161 quia
1017 2098 1067 2147 es?
1079 2095 1200 2160 Domine,
1211 2097 1260 2163 quia

178 2197 271 2246 tamen
283 2196 390 2262 poterat
401 2192 493 2261 aliquo
505 2192 597 2256 modo,
610 2192 673 2246 licet
689 2192 807 2245 multum
820 2198 974 2256 conaretur,
986 2193 1080 2247 levare
1097 2195 1195 2248 faciem
1206 2195 1238 2247 ed
1249 2212 1260 2246 v

179 2308 241 2346 eum
253 2293 262 2326 ¹
274 2308 356 2362 super
367 2308 457 2361 genua
468 2291 577 2355 Christi,
596 2297 623 2345 et
640 2292 693 2345 hoc
711 2307 744 2344 ex
762 2292 849 2344 multa
865 2293 1021 2346 reverentia
1038 2298 1066 2346 et
1087 2294 1195 2348 timore.
1214 2294 1260 2347 eun

178 2389 341 2443 cucurrisset
351 2395 413 2459 post
430 2390 517 2459 ipsum
535 2390 574 2443 sic
592 2389 745 2453 clamando,
758 2389 882 2443 Christus
899 2390 981 2444 vertit
998 2407 1036 2455 se,
1049 2396 1077 2444 et
1088 2394 1183 2446 statim
1195 2393 1247 2461 ipso

178 2488 261 2541 irater
272 2489 406 2557 Rogerius
420 2489 519 2542 suited
534 2489 617 2558 pedes
633 2489 700 2554 ejus,
716 2505 780 2542 cum
796 2488 927 2542 indicibili
938 2490 1038 2558 gaudio
1051 2490 1194 2545 clamans:
1210 2494 1260 2545 Doo

178 2592 227 2641 es?
237 2588 270 2641 Et
282 2588 415 2642 Dominus
428 2588 551 2642 Christus
563 2587 703 2656 respoudit
715 2587 739 2640 ei
753 2608 759 2641 :
775 2589 829 2655 Epo
841 2607 901 2641 aum
913 2592 961 2657 qui
972 2607 1041 2643 aum.
1053 2591 1088 2644 Et
1100 2591 1221 2645 addidit:
1236 2593 1260 2644 ti

177 2688 220 2752 fili
227 2692 242 2740 l?
252 2688 285 2741 El
293 2687 410 2756 signavit
421 2704 450 2741 se
462 2689 539 2755 signo
552 2689 639 2742 crucis
648 2692 676 2740 et
688 2687 756 2740 dixit
765 2686 790 2740 ei
801 2707 807 2740 :
820 2690 1002 2742 Dimittuntur
1013 2691 1063 2743 tihi
1072 2700 1184 2758 peccata
1194 2700 1245 2744 tua.
1257 2728 1260 2742 i

180 2789 308 2854 depretia
323 2806 380 2841 orec
393 2797 416 2840 et
430 2790 485 2841 eris
494 2804 595 2840 moure
608 2790 637 2839 ia
650 2795 787 2840 aternum.
802 2787 879 2839 Tunc
891 2786 975 2841 irater
985 2788 1122 2856 Rogerius
1134 2790 1260 2859 sumpsitr

179 2890 206 2938 el
218 2902 279 2939 cum
292 2903 391 2955 magna
403 2885 534 2941 violentia
546 2887 590 2938 vix
602 2887 684 2939 unico
698 2886 752 2939 ictu
765 2886 837 2939 oculi
850 2887 967 2954 respexit
979 2903 1043 2940 emn
1056 2889 1084 2941 in
1096 2890 1175 2943 facie.
1184 2889 1214 2943 ln
1225 2907 1260 2959 qu

178 2985 247 3038 adeo
265 2985 349 3039 facies
366 2985 466 3038 Christi
484 2984 536 3038 luit
553 2984 581 3037 in
600 2989 690 3037 mente
707 2985 767 3051 ejus
784 2985 924 3053 impressa,
941 2987 1015 3054 quod
1034 2989 1258 3057 quandocumque

179 3084 258 3138 batur
270 3085 304 3137 de
316 3083 362 3138 illo
375 3089 486 3153 aspectu
503 3100 612 3152 semper
629 3084 706 3153 quasi
725 3085 870 3138 videbatur
887 3085 938 3138 sibi
956 3085 1046 3154 ipsum
1065 3087 1169 3141 habere
1187 3104 1260 3157 praese

178 3184 223 3237 his
239 3184 363 3253 peractis,
383 3184 524 3237 restitutus
541 3189 583 3236 est
603 3184 632 3236 in
651 3188 752 3237 statum
774 3200 863 3238 suum.
884 3184 1010 3239 Narravit
1030 3192 1124 3239 autem
1145 3187 1197 3240 ista
1214 3187 1260 3240 mih

180 3284 294 3338 busdam
315 3283 375 3336 aliis
398 3283 600 3337 confessoribus
619 3283 676 3336 suis
705 3300 768 3336 curu
792 3289 868 3337 tanto
892 3285 999 3338 fervore
1024 3290 1052 3338 et
1075 3287 1173 3340 ardore
1196 3287 1260 3355 spirit

180 3385 257 3452 quasi
270 3383 413 3437 videbatur
425 3399 484 3435 csse
497 3382 524 3436 in
537 3382 584 3435 illo
602 3388 675 3436 statu
687 3383 715 3436 in
732 3401 787 3450 quo
801 3389 867 3447 erat,
880 3385 990 3452 quando
1003 3384 1073 3439 vidit
1085 3385 1153 3439 haec.

224 3482 280 3540 19.
292 3480 392 3533 Verum
405 3480 506 3532 nedum
520 3480 553 3532 de
564 3496 601 3543 ae,
611 3481 659 3533 sed
671 3479 752 3533 ctiam
766 3482 800 3534 de
809 3480 869 3534 aliis
878 3481 972 3534 datum
983 3486 1037 3534 est:
1046 3482 1147 3535 meruit
1159 3498 1260 3550 cognosc

180 3583 289 3637 essentss
298 3582 326 3634 in
335 3582 408 3634 bono
417 3586 498 3635 statu.
507 3582 585 3634 Unde
595 3582 716 3634 narravit
725 3582 794 3635 mihi
806 3584 881 3651 quod
892 3584 1010 3651 quadam
1023 3583 1083 3635 vice
1095 3584 1219 3652 apparuit
1230 3583 1260 3635 sil

180 3683 262 3736 irater
271 3687 403 3746 morture,
416 3682 461 3750 qui
474 3681 616 3735 dicebatur
628 3682 711 3734 irater
721 3681 876 3750 Beriparins
888 3680 1031 3735 Bertrandi
1042 3682 1093 3745 (1);
1107 3699 1189 3750 quem
1203 3687 1229 3735 et
1240 3698 1260 3733 m

180 3797 241 3835 cum
250 3798 283 3835 eo
291 3781 479 3835 conventualis
488 3781 629 3834 Narbona.
637 3780 775 3834 Noverunt
783 3785 876 3834 autem
885 3797 915 3834 se
925 3786 1021 3833 mutuo
1032 3785 1181 3848 antequam
1194 3782 1258 3834 intra

180 3898 253 3936 nem.
265 3882 388 3948 Cumque
401 3881 472 3933 inter
484 3880 537 3933 alia
549 3884 683 3948 quaereret
695 3881 772 3934 abeo
788 3880 922 3949 llogcrius
934 3880 1075 3948 quomodo
1092 3884 1152 3933 erat
1164 3882 1188 3933 ei
1201 3900 1207 3932 z
1220 3882 1260 3933 aa

180 3985 246 4051 quia
257 3983 350 4041 salonae
364 3998 424 4033 aum
431 4000 442 4046 ,·
457 3988 480 4034 et
492 3999 536 4046 epo
548 3983 610 4034 orout
621 3989 644 4034 et
656 3974 793 4034 ostendam
805 3982 855 4034 tibi
866 3982 897 4032 de
906 3982 980 4034 omiu'
989 3981 1097 4033 licuitne
1109 3997 1257 4045 coqnoacerc

180 4085 215 4135 ait
228 4085 257 4134 in
272 4088 344 4133 datu
361 4082 467 4132 solutis.
480 4079 603 4147 Cumque
616 4096 666 4149 eqo
679 4096 830 4148 quaererem
843 4081 878 4132 ab
895 4096 928 4133 eo
941 4095 1002 4147 qum
1020 4084 1099 4133 erant
1112 4079 1159 4132 illa
1174 4080 1252 4148 signa,

180 4181 254 4250 quod
271 4178 423 4248 spiritualia
442 4185 520 4231 erant
540 4196 590 4233 nec
610 4185 738 4248 poterant
755 4181 788 4233 de
806 4181 879 4233 sacili
897 4180 1012 4233 ostendi.
1032 4180 1110 4233 Unde
1129 4180 1216 4234 noluit
1227 4179 1260 4232 dir

216 4367 224 4399 ¹
239 4367 343 4418 uidetur·
353 4365 406 4417 lieo
418 4380 469 4416 vox
480 4365 642 4416 redundare.
656 4363 1082 4431 -2qu0dessenta‹t‹1.eaconj.

214 4549 250 4615 (1)
268 4548 315 4601 ille
327 4549 399 4602 idem
416 4548 463 4615 qui
481 4563 563 4614 supra
582 4547 609 4599 in
627 4545 743 4613 Prologo
763 4550 876 4598 vocatur
890 4545 900 4567 “
912 4543 1053 4611 quondam
1066 4542 1260 4613 Montispessulr

181 4628 324 4683 laudabilis
343 4628 484 4681 memoriae
504 4626 588 4679 frater
607 4625 807 4690 Bertrandus„
828 4625 881 4677 Clr.
894 4623 1038 4691 Wadding.
1065 4623 1117 4678 loc.
1135 4626 1180 4679 cit.
1198 4624 1249 4689 (ed.

182 4717 249 4766 tom.
261 4711 291 4777 V,
303 4728 328 4780 p.
342 4710 409 4777 164).
