3142 5392
171 321 243 394 368
303 321 309 331 ’
507 340 633 393 caran.
659 341 764 393 cono.
790 339 1069 394 mercamine.

170 535 258 584 totum
273 547 378 599 corpus.
391 531 516 597 Denique
536 535 676 583 revertens
688 529 799 598 spiritus
811 530 845 582 de
856 531 945 599 patria
955 531 1138 600 spiritualium
1157 533 1298 602 gaudiorum
1311 553 1349 589 cur-
1385 510 1387 537 Ι

170 645 221 698 pus
231 629 359 690 viviticat,
375 633 496 682 mentem
509 628 636 691 latificat,
649 627 753 682 vultum
767 628 902 683 exhilarat
913 634 942 683 et
952 630 1073 698 gratiosa
1083 631 1207 686 claritate
1218 633 1228 667 ¹
1241 633 1348 703 perium

170 729 204 783 Et
213 729 284 782 sicut
293 729 321 781 in
333 732 444 796 aspectu
457 727 582 795 imaginis
591 727 714 796 suspiriis
726 732 753 780 et
764 728 825 781 aliis
837 728 967 782 inauditae
977 729 1133 784 devotionis
1142 731 1257 800 insigniis
1265 735 1348 802 supuda

170 826 331 880 memoratis
355 843 416 879 cum
439 826 539 894 alique.
563 830 593 878 ut
617 825 747 879 videtur¹
768 825 945 890 intuentibus,
966 829 1124 898 perceptae⁸
1144 828 1280 885 dulcedinis
1295 831 1347 886 bere

170 931 265 979 mento
286 941 341 978 non
362 924 471 978 modico
489 924 621 993 temporis
645 923 734 992 spatio
754 930 917 994 perseverat.
944 926 1017 979 Inter
1042 926 1144 981 borum
1172 944 1233 982 vero
1257 906 1376 989 solerarirt¹

167 1024 315 1092 jubilorum
339 1024 431 1077 uultus
451 1024 573 1091 ejusdem
596 1022 707 1092 virginis
728 1040 869 1091 nunquam
887 1030 929 1078 est
948 1024 977 1078 in
997 1025 1106 1079 diversa
1126 1030 1249 1093 minutus,
1267 1029 1304 1082 sed
1317 1029 1346 1083 int

169 1123 388 1177 consideratione
408 1122 534 1191 imaginis
556 1122 610 1174 fixe
630 1127 731 1186 manet,
746 1122 784 1176 ita
801 1124 875 1192 quod
895 1139 946 1177 nec
966 1123 1182 1180 hominemnec
1201 1126 1289 1196 aliquid
1302 1127 1345 1183 ata

170 1226 268 1290 praeter
281 1220 401 1273 tabulam
414 1220 541 1274 intuetur.
554 1219 608 1273 Nec
620 1218 727 1288 aliquos
739 1219 887 1288 alloquitur
897 1237 947 1274 nec
957 1220 1163 1290 alloquentibus
1172 1223 1216 1277 dat
1224 1240 1345 1293 respousm:

170 1321 218 1374 sed
231 1324 295 1373 tote
308 1319 427 1387 reliquiae
445 1317 617 1386 cogitationis
635 1317 755 1371 totaliter
772 1323 856 1386 agunt
873 1319 945 1372 diem
963 1319 1065 1374 festum
1086 1320 1211 1383 Domino,
1226 1338 1274 1375 non
1287 1321 1346 1375 dau

170 1418 253 1471 tendo
266 1415 432 1470 contrarium
443 1420 490 1468 aut
503 1415 649 1468 diversum.
658 1415 707 1468 His
720 1416 847 1469 omnibus
859 1415 938 1485 longe
950 1416 1103 1472 solemnius
1115 1423 1141 1472 et
1153 1418 1370 1489 mirabiliusquntt

170 1534 239 1570 meae
251 1515 393 1585 parvitatis
402 1515 480 1569 stilus
492 1531 604 1568 exarare
614 1515 731 1568 sufficiat
742 1516 947 1580 consummatis,
960 1517 1056 1570 eadem
1070 1518 1225 1572 tabulaase
1234 1519 1345 1588 priunu-

171 1616 258 1686 posita
272 1620 299 1668 et
308 1614 408 1672 clausa,
418 1615 517 1667 tradita
527 1614 607 1667 alicui
620 1613 671 1668 sibi
684 1614 819 1667 assistenti
832 1631 963 1683 personae,
976 1617 1100 1670 extendit
1111 1617 1221 1671 brachia
1231 1619 1345 1672 admotae

170 1719 285 1768 suamet
294 1731 402 1767 sorores
411 1713 532 1766 minores
545 1730 573 1766 se
586 1713 773 1766 ministrantes
780 1714 877 1768 eidem.
887 1714 953 1781 Quae
965 1715 1069 1769 scilicet
1080 1722 1170 1771 mater
1179 1722 1205 1771 et
1215 1732 1345 1771 sororesuu

169 1819 323 1883 susceptam
334 1818 361 1866 et
370 1813 503 1866 elevatam
518 1818 616 1866 aterra
626 1813 752 1866 deferunt
761 1813 789 1866 in
801 1813 899 1877 cubile,
908 1814 962 1868 illic
975 1815 1147 1880 reclinantes,
1157 1816 1346 1871 eamdemclarita

170 1917 224 1966 tem
238 1912 336 1974 vultus,
349 1912 490 1965 caritatem
504 1911 601 1975 cordis,
611 1911 809 1979 jocunditatem
822 1913 930 1978 mentis,
946 1913 1130 1981 spiritualium
1150 1913 1370 1969 verborumduluett

169 2011 260 2066 dinem
271 2011 322 2063 sibi
333 2011 445 2064 mirifice
458 2011 665 2064 ministrantem.
675 2011 706 2064 ln
716 2011 806 2064 verbis
818 2016 911 2064 tamen
923 2017 965 2065 est
973 2028 1034 2066 rara
1042 2033 1049 2066 ε
1058 2014 1346 2083 quaeqnidemrerbauer

169 2124 269 2164 sonora
280 2111 328 2163 sed
346 2127 441 2163 serena
454 2110 572 2178 quadam
586 2114 613 2163 et
631 2108 703 2163 dulci
721 2108 853 2164 arrisione
865 2110 989 2164 dulcorat
1007 2128 1069 2165 cum
1089 2110 1346 2180 verecundiarirg'ueli

168 2209 432 2277 Siccrgonccturnis
441 2209 616 2262 etmatutinis
625 2208 765 2263 Laudibus
774 2209 1103 2275 mirificeconsummatis‚
1112 2217 1199 2266 toturn
1209 2208 1347 2280 tempusqul
1384 2274 1387 2285 Ι

169 2313 293 2377 superest
310 2325 397 2376 usque
415 2309 448 2362 ad
469 2308 585 2376 primam
606 2309 705 2361 horam
726 2307 779 2361 diei
799 2309 828 2362 in
846 2308 940 2361 laetitia
957 2313 985 2362 et
1002 2310 1180 2374 exultatione,
1200 2312 1225 2364 in
1242 2310 1347 2379 gratiana
1383 2314 1387 2387 J

168 2405 275 2457 actione
287 2410 312 2457 et
322 2404 450 2458 laudibus
459 2405 607 2458 Salvatoris
616 2405 751 2473 expendit.
762 2421 816 2457 non
829 2404 914 2458 oblita
923 2406 1016 2474 patriae
1029 2423 1113 2475 quam
1127 2404 1387 2476 frequentationum}

169 2504 319 2557 secundum
329 2504 426 2557 isaiam
442 2504 618 2557 inveniuntur
627 2504 755 2572 gaudium
766 2510 793 2557 et
802 2503 902 2568 laetitia,
913 2505 1061 2573 gratiarum
1072 2506 1144 2559 actio
1154 2512 1181 2560 et
1190 2505 1319 2560 roxlaudia

210 2602 244 2660 8.
269 2603 377 2655 Arnodo
396 2604 430 2655 ad
448 2601 640 2654 describendas
658 2601 726 2654 alias
742 2601 826 2655 horas
846 2606 888 2655 est
906 2602 1016 2655 brevius
1036 2604 1244 2671 procedendum,
1258 2602 1351 2672 quom

169 2699 245 2767 plura
258 2698 380 2766 superius
390 2697 511 2764 exposita
525 2696 586 2749 aliis
596 2695 762 2749 conveniunt
772 2696 847 2748 horis
857 2717 863 2749 :
873 2713 934 2765 quae
946 2697 1124 2766 persingulas
1137 2699 1218 2753 lauras
1230 2700 1263 2753 ita
1272 2697 1353 2768 plantet

169 2798 248 2866 plene
261 2797 345 2865 repeti
364 2812 419 2849 nen
432 2800 539 2863 oportet
547 2816 553 2856 ;
571 2796 619 2848 sod
633 2812 693 2848 cum
714 2812 781 2864 opus
794 2795 883 2859 luerit,
894 2797 946 2848 erit
955 2797 989 2849 ad
1001 2799 1185 2865 praecedentia
1196 2796 1355 2852 recurrendum

170 2897 261 2950 Prima
279 2896 414 2964 siquidem
426 2895 496 2947 bora
513 2895 606 2963 surgit,
628 2899 713 2962 raptu.
731 2899 762 2948 ut
781 2895 977 2963 supradictum
991 2898 1236 2964 cst‚praecedente;
1255 2903 1279 2951 et
1293 2893 1385 2949 atne

169 3001 244 3049 stans
252 2995 408 3053 sectamina
416 2994 535 3062 agilitate
545 2998 573 3047 et
580 2994 723 3047 velocitate
732 2999 794 3062 post
803 2999 907 3062 tergum
918 2995 1024 3063 proficit
1033 2997 1130 3049 ambas
1137 3014 1241 3062 manus,
1246 3003 1271 3051 et
1276 2996 1360 3051 sinistre

169 3111 268 3148 manus
280 3093 409 3147 articulos
427 3094 460 3145 ad
474 3093 600 3145 dextrum
614 3093 735 3145 cnidium
749 3098 776 3146 et
788 3093 890 3146 dextrae
906 3111 1004 3148 manus
1017 3095 1148 3149 articulos
1160 3097 1272 3166 applicat
1281 3092 1363 3149 adsint·

169 3197 264 3250 strum.
275 3194 312 3246 ita
322 3192 501 3245 ‹lcambalans
510 3209 557 3259 per
569 3208 706 3244 cameram
720 3191 839 3244 liraclriis
850 3192 907 3244 suis
917 3193 1125 3264 junctisatergo
1135 3197 1201 3251 acsi
1213 3196 1278 3250 latro
1286 3193 1367 3264 publice

170 3293 356 3362 deprehensus
374 3291 462 3359 ligatis
480 3291 607 3344 manibus
620 3291 653 3343 ad
664 3290 797 3357 judicium
809 3291 851 3344 vel
864 3292 897 3344 ad
908 3293 1069 3361 supplicium
1080 3295 1226 3349 duceretur
1238 3317 1244 3349 ι
1257 3293 1371 3349 totorllius

170 3392 245 3444 horae
257 3391 345 3458 spatio
358 3376 559 3457 repraesentans
565 3389 681 3457 qualiter
694 3390 825 3443 Dominus
837 3396 930 3444 noster
942 3392 977 3444 ab
985 3392 1064 3445 Anna
1074 3394 1109 3446 ad
1119 3393 1284 3463 Caipham‚a
1292 3392 1387 3463 Caipha'

169 3493 203 3544 ad
214 3491 364 3545 Pilatuma
378 3488 464 3542 Pilato
475 3489 508 3540 ad
519 3489 665 3551 Herodem,
677 3490 713 3542 ab
724 3490 833 3543 Herode
845 3491 943 3543 iterum
956 3491 991 3544 ad
1000 3491 1120 3545 Pilatum
1133 3510 1191 3547 non
1209 3495 1268 3548 sine
1279 3494 1379 3549 vinculo

170 3607 229 3643 rum
243 3589 392 3657 ignominia
405 3588 563 3640 ducebatur.
573 3588 644 3640 Satis
657 3589 730 3641 enim
743 3594 784 3642 cst
796 3589 932 3651 credibile,
945 3591 972 3642 ni
986 3590 1073 3656 fallor,
1086 3593 1163 3661 quod
1175 3594 1340 3650 detestabilis
1348 3593 1384 3647 ille

169 3689 286 3758 populus
296 3706 312 3739 a
324 3688 495 3740 vinculorum
510 3687 642 3755 angustia.
652 3704 668 3739 a
677 3687 814 3742 latronum
825 3689 971 3757 opprobrio
980 3695 1074 3744 nostro
1085 3708 1141 3745 non
1152 3699 1279 3761 parceret
1287 3696 1387 3749 Redem-

170 3787 248 3855 ptori,
258 3788 292 3839 ad
302 3803 382 3854 quem
394 3791 534 3855 tamquam
547 3788 580 3839 ad
598 3788 732 3839 latronem
742 3787 853 3843 exierat.
862 3805 944 3855 quem
955 3805 1016 3841 curn
1031 3793 1108 3843 tanta
1120 3792 1258 3847 instantia
1265 3796 1387 3851 latronum

168 3884 257 3952 perire
269 3884 400 3951 supplicio
410 3883 574 3951 postulabat,
585 3888 641 3936 tam
656 3883 786 3951 improbe,
798 3888 854 3936 tam
867 3885 1023 3951 frequenter
1035 3885 1212 3954 ingeminans
1232 3894 1245 3916 ‘
1266 3893 1387 3962 crucifige

169 3982 329 4050 crucifige,
353 3982 441 4048 Quem
466 3982 548 4035 etiarn
570 3983 698 4050 suspendi
720 3987 815 4050 postca
836 3984 864 4036 in
884 3983 1077 4052 latronumque
1103 3987 1198 4054 perire
1222 3993 1358 4061 supplicio
1375 3993 1387 4046 ir

169 4081 243 4134 edito
262 4081 448 4148 procurarat.
466 4081 539 4147 Quot
557 4087 649 4134 autem
668 4082 745 4150 signa
759 4082 894 4135 violentia
906 4088 933 4135 et
945 4083 1106 4150 injuriarum
1121 4086 1227 4142 indicia
1240 4092 1283 4145 sic
1295 4095 1387 4164 aseips

171 4180 245 4248 virgo
264 4180 401 4233 vinculata
423 4182 527 4248 ligaret,
548 4198 598 4234 nec
618 4183 753 4235 memoria
774 4182 808 4234 ad
827 4182 975 4235 tenendum
996 4199 1045 4235 nec
1065 4183 1213 4253 ingenium
1237 4195 1387 4262 suppetita

170 4278 338 4330 dictandum.
357 4279 506 4346 Postquam
521 4284 613 4332 autem
625 4279 800 4332 mediocriter
810 4280 941 4348 temporis
953 4281 1041 4349 spatio
1053 4298 1104 4349 per
1112 4299 1262 4343 cameram
1277 4293 1317 4345 sic
1330 4294 1387 4348 ince

168 4376 242 4439 serit,
254 4375 374 4428 nrirnbili
383 4376 467 4429 totius
477 4377 599 4445 corporis
610 4377 736 4440 flexione,
747 4378 865 4430 brachiis
880 4395 987 4446 semper
1001 4379 1104 4445 junctis
1121 4386 1151 4434 ct
1170 4384 1261 4441 dorso
1272 4390 1387 4447 adhaeret

204 4602 299 4656 lcodd.
313 4603 433 4657 caritate.
446 4634 478 4640 --
490 4605 502 4637 ⁹
514 4608 552 4657 ita
565 4606 609 4669 L,·
622 4605 714 4659 videre
724 4608 756 4660 B.
766 4638 796 4644 -
807 4608 819 4642 ⁸
830 4611 869 4661 ita
880 4576 923 4674 l,;
934 4608 1067 4676 perceptis
1080 4611 1115 4664 B.
1126 4640 1157 4650 —
1172 4614 1188 4649 ⁴
1200 4620 1270 4673 add.
1283 4640 1320 4675 a
1339 4625 1370 4678 L·
1385 4652 1387 4662 .

168 4683 180 4716 ⁶
193 4686 231 4738 ita
241 4686 283 4750 L,·
294 4691 441 4753 procurant
453 4688 485 4739 B.
