3142 5392
164 276 235 349 138
496 299 622 350 curru.
648 301 751 353 cono.
777 301 1053 353 moroamrmc.

228 489 256 541 1⁰
272 488 393 558 Epistola
401 490 475 544 edita
485 489 559 559 apud
566 491 664 559 ligne,
672 489 702 544 P.
710 490 750 553 1.,
758 494 825 545 tom
832 491 865 556 X,
875 492 994 545 5495&-
1005 491 1063 545 Sub
1071 492 1125 545 bac
1133 491 1319 559 fabricabant

261 589 289 641 S.
300 589 409 641 Hilarii
416 592 534 658 episcopi
542 592 606 656 filia
621 607 676 644 m
687 591 766 645 Abra
775 599 804 643 ut
812 593 888 659 rfrpo
899 600 1045 645 remaneat.

227 687 256 740 2·
273 686 390 740 Carmen
400 688 511 756 aliquod
519 704 583 741 cum
596 687 649 741 hac
664 688 787 742 rubrica:
804 691 907 743 Ymnua
918 691 945 759 S.
954 691 1065 743 11171111
1075 707 1152 758 quem
1164 693 1228 744 mtrft
1239 691 1319 755 1111111

259 784 315 836 Ine.
327 783 466 852 Hymnnm
476 783 548 837 dicat
559 784 640 838 turba
651 786 774 850 fratrum,
872 785 927 853 Qui
936 786 964 839 111
973 787 1020 840 illo
1030 787 1097 840 recti
1106 787 1220 843 credunt

228 880 473 949 llyrunumcantus
481 886 616 951 personet.
873 883 1098 953 Regnaturicum
1108 901 1149 939 co.

228 976 368 1031 Christum
378 994 468 1046 regern
478 980 661 1043 concinentes,
873 980 966 1034 Gloria
974 981 1049 1035 Patri
1057 982 1183 1050 genitori,

228 1071 350 1125 Laudem
363 1073 459 1127 demus
471 1072 600 1126 debitam.
874 1074 967 1129 Gloria
976 1076 1130 1145 Unigenito,

262 1171 504 1225 Deallntelucem
517 1172 674 1226 nuntiemus
875 1174 936 1228 lina
944 1191 1007 1228 cum
1019 1179 1115 1228 sancto
1127 1175 1224 1244 Spiritu

229 1268 339 1323 Christo
347 1269 404 1338 regi
412 1269 539 1333 Domino,
874 1272 905 1324 In
917 1274 1084 1341 sempiterna
1095 1273 1194 1326 secula
1205 1274 1284 1325 Amen

230 1370 259 1421 3ο
277 1369 434 1437 Capitulum
452 1369 564 1437 aliquod
581 1386 643 1423 cum
663 1370 788 1439 sequenti
806 1371 929 1424 rubrica:
943 1374 1016 1438 Quid
1032 1376 1115 1439 operit
1132 1381 1237 1426 rannus
1254 1373 1319 1424 llilut

264 1469 355 1523 Roma
366 1471 395 1521 fn
404 1471 512 1535 synodo.
522 1468 610 1535 Hujus
619 1469 737 1537 capituli,
747 1470 776 1523 in
784 1469 907 1538 Append.
917 1469 1074 1535 exhibendi,
1082 1486 1225 1525 censuram
1236 1470 1319 1538 lasa

265 1567 421 1631 Tillemont,
445 1567 587 1621 thoires
599 1585 673 1635 pour
696 1569 817 1622 serrfrd
839 1571 919 1624 171111.
939 1572 1006 1631 cccl..
1030 1575 1097 1624 tom.
1116 1570 1173 1633 Vll,
1191 1574 1252 1624 note
1271 1585 1306 1622 111

264 1666 290 1721 S.
299 1666 411 1733 Hilaire,
420 1683 446 1734 p.
455 1666 503 1719 757
513 1667 587 1729 (edit
598 1667 680 1733 1706).

230 1766 260 1819 4⁶
278 1765 415 1819 Nonnulla
425 1764 558 1818 miracula
577 1782 637 1833 quar
647 1766 675 1818 in
685 1765 778 1819 multis
787 1765 926 1820 codicibus
939 1767 1112 1836 reperiuntur
1121 1769 1164 1833 (ut
1173 1767 1260 1820 ridere
1268 1771 1319 1819 esta

263 1863 611 1933 bligne,P.L.,tom.1X,p.
622 1864 752 1925 17111110
764 1865 831 1930 118).
841 1864 893 1918 Hic
902 1869 1048 1918 narrantur
1061 1870 1124 1917 octo
1136 1863 1265 1918 miracula
1272 1879 1319 1932 quo

264 1963 394 2032 quinque,
414 1963 565 2016 secundum
586 1962 620 2015 ad
640 1967 748 2016 sextum
765 1963 906 2027 inclusive,
923 1963 1051 2032 leguntur
1070 1963 1099 2016 in
1118 1964 1315 2029 11181101.

265 2079 291 2131 p.
299 2063 356 2126 796,
368 2078 443 2115 num.
457 2061 506 2124 1-5,
514 2060 575 2114 aliis
587 2066 679 2115 tamen
688 2061 780 2116 verbis
789 2082 796 2126 ;
805 2062 916 2131 insuper
926 2062 1060 2117 miraculo
1069 2078 1146 2116 num.
1155 2063 1172 2114 4
1181 2077 1319 2115 comment

265 2159 404 2214 adduntur
412 2160 471 2212 hrec
480 2159 541 2212 dure
549 2159 673 2212 locorum
682 2160 838 2213 notationes
848 2180 854 2214 :
864 2160 891 2213 iu
900 2177 969 2229 pago
979 2161 1124 2214 Partrfuco
1133 2164 1161 2212 et
1174 2159 1238 2213 villa
1246 2160 1319 2212 Drca

267 2260 419 2328 Septimum
431 2263 459 2312 et
468 2262 596 2312 octavum
605 2258 769 2312 miraculum
779 2258 862 2313 refert
870 2258 1030 2313 Vincentius
1039 2258 1243 2312 Bellovacensis
1252 2258 1319 2325 inSp

266 2360 413 2421 historiali,
423 2357 468 2411 lib.
478 2357 533 2423 XV,
543 2373 601 2426 cap.
610 2374 643 2411 11.
655 2356 778 2411 Primum
790 2373 856 2411 vero
868 2357 922 2411 tale
934 2362 991 2411 est:

293 2456 470 2521 Videamus
482 2456 622 2539 denique
633 2457 721 2538 quod
732 2457 879 2539 sequitur
888 2455 1081 2521 miraculum
1097 2455 1177 2538 quid
1193 2455 1319 2519 audient

334 2555 449 2620 innuat
465 2554 669 2633 imitandum,
684 2558 764 2619 utet
786 2555 827 2620 de
842 2555 957 2620 ceteris
978 2555 1096 2619 similia
1118 2553 1295 2636 capiantur.
1312 2553 1319 2612 t

334 2654 512 2736 aliquando
523 2654 609 2717 cives
624 2652 734 2717 divina
755 2653 966 2736 inspiratione
981 2653 1112 2718 excitati
1128 2652 1275 2735 ejusdem
1294 2670 1319 2715 st

334 2752 446 2816 limina
483 2752 658 2817 studiosius
693 2752 948 2835 frequentarent,
983 2752 1235 2834 qualiacumque
1272 2754 1319 2833 pot

337 2851 471 2915 veniens
486 2851 623 2934 quisque
645 2850 802 2915 offerebat
821 2870 967 2915 munera.
987 2850 1082 2915 Unde
1098 2850 1253 2933 quaedam
1271 2849 1319 2914 len

337 2950 435 3014 rebus
450 2969 585 3032 pauper,
603 2949 667 3014 fide
683 2953 795 3014 tamen
812 2949 993 3027 abundans,
1009 2949 1182 3031 conjugem
1200 2949 1246 3013 sic
1266 2948 1319 3012 allc

337 3052 399 3126 tur,
426 3048 557 3113 dicens:
581 3048 707 3112 Bonum
732 3047 819 3126 anibi,
847 3049 969 3131 marite,
994 3047 1118 3111 addetur
1142 3068 1199 3111 nos
1222 3068 1319 3110 11001

337 3153 403 3210 tam
414 3147 516 3211 deuote
527 3147 572 3210 ud
582 3149 684 3211 suncti
693 3147 870 3230 repertorum
890 3145 1113 3229 occurentibus,
1125 3144 1319 3218 tremuere(

339 3246 391 3311 ille
412 3246 519 3310 minus
533 3245 671 3311 libenter
686 3265 785 3328 quam
801 3246 951 3311 debuerit
965 3245 1139 3328 accipiens
1151 3265 1187 3310 se
1201 3264 1267 3310 non
1280 3245 1319 3309 ha

339 3346 427 3427 quod
442 3348 555 3410 sancto
570 3344 733 3423 offerrent,
748 3346 926 3427 respondit.
940 3344 1025 3409 Tmn
1041 3344 1105 3423 illa,
1116 3348 1231 3427 utpote
1245 3344 1312 3427 ejus

340 3442 373 3506 in
398 3441 572 3523 Evangelio
598 3440 714 3523 legitur
739 3441 846 3506 viduae
868 3441 1023 3506 imitatrix
1044 3440 1116 3523 jam
1142 3441 1268 3519 effecta,
1289 3441 1319 3505 itt

339 3542 444 3606 virum
456 3539 521 3604 ait:
533 3539 596 3617 En,
610 3538 666 3603 boc
679 3541 784 3623 ipsu-m
796 3541 878 3625 quod
892 3543 1035 3604 1001011
1052 3560 1121 3603 lucu
1128 3540 1299 3623 palliolum
1311 3538 1319 3601 l

340 3645 393 3702 tur
405 3636 487 3719 cedo,
502 3638 645 3720 qrrumrr's
658 3637 927 3721 1119111111011111,
943 3637 1026 3721 quod
1040 3638 1100 3699 erit
1108 3643 1240 3720 pratum
1250 3657 1319 3719 prom

350 3737 465 3800 Verum
479 3737 536 3799 scit
557 3736 624 3818 ipsc
644 3755 692 3799 me
705 3735 811 3818 majus
831 3736 914 3819 velle,
934 3737 963 3799 si
978 3755 1111 3819 possem.
1134 3734 1319 3818 Consurgen

343 3836 441 3919 coepit
465 3834 565 3899 abire.
587 3833 658 3899 Hoc
682 3834 731 3898 vir
752 3833 822 3916 ejus
843 3834 966 3914 nolens,
988 3854 1062 3899 cum
1085 3854 1160 3899 earn
1174 3835 1259 3899 inter
1286 3855 1318 3898 m

343 3934 549 3999 festinantem
567 3933 621 3997 vix
637 3937 828 3998 consecutus
847 3933 968 4012 luisset,
984 3933 1090 4016 ipsum
1116 3933 1204 4016 quod
1230 3932 1319 3998 devo*

343 4032 508 4116 palliolum
529 4032 575 4096 ita
589 4031 671 4098 collo
690 4032 760 4116 ejus
774 4033 900 4097 suendo
915 4031 1065 4111 firmavit,
1079 4051 1121 4096 ne
1140 4051 1176 4096 se
1191 4031 1246 4096 illo
1272 4030 1315 4096 ad

343 4130 503 4197 ctuarium
518 4131 651 4195 veniens
680 4150 754 4195 cum
764 4131 862 4195 vellet
876 4150 995 4196 exuere
1017 4133 1137 4212 posset.
1165 4129 1268 4194 Solvit
1294 4133 1319 4194 tr

346 4231 513 4296 caritativa
525 4229 669 4294 mulieris
684 4229 823 4308 devotio,
837 4229 926 4312 quod
941 4228 1085 4312 conjugis
1100 4248 1201 4293 avara
1212 4228 1319 4293 lunen

345 4328 535 4393 sollicitudo.
561 4326 644 4392 Cum
671 4346 748 4409 ergo
772 4327 891 4392 atrium
919 4327 1107 4392 monasterii
1132 4327 1318 4410 ingressas

345 4426 489 4492 ecclesiae
499 4426 636 4509 januam
648 4427 868 4506 convertisset,
884 4430 1061 4510 antequam
1081 4426 1304 4509 ingrederetur

346 4525 452 4591 omnis
465 4525 519 4590 illa
529 4525 649 4609 pallioli
659 4525 796 4608 ligatura
814 4526 906 4591 citius
927 4525 1066 4609 quamsi
1080 4525 1123 4589 ab
1138 4525 1248 4608 aliquo
1261 4525 1319 4589 disi

348 4623 460 4690 fuisset
480 4625 660 4690 resolvitur.
685 4623 790 4705 Quod,
811 4624 995 4690 videntibus
1016 4622 1149 4705 cunctis,
1167 4624 1283 4691 mulier
1304 4642 1319 4688 1
