3142 5392
206 360 298 412 nmo.
318 359 401 413 nco.
420 361 593 413 nnoxcnc.
612 382 660 392 —
677 362 825 416 menso.
842 365 890 414 nn
908 365 987 419 coo.
1006 358 1044 418 rr⁰
1059 364 1184 422 tiso-ro.
1241 349 1315 423 439

139 547 211 606 28.
233 548 361 616 Quidam,
372 548 492 603 Ordinus
501 549 622 615 nomine,
634 551 752 605 diocesis
763 551 934 621 llaguntinae,
946 558 1003 608 tam
1014 555 1134 623 graviter
1140 573 1171 610 se
1183 558 1192 591 ¹
1205 557 1233 611 in
1244 574 1316 627 genu

139 652 245 700 retatus
259 651 309 709 est,
321 646 393 699 sicut
410 645 512 699 indicio
529 651 604 700 certo
622 653 734 715 apparet
750 665 837 717 usque
855 649 946 714 hodie,
962 652 1036 719 quod
1053 668 1070 706 a
1086 653 1178 707 medio
1195 655 1316 707 octobris

139 762 174 799 ue
184 745 219 799 ad
237 746 345 799 Pascha
362 762 411 814 per
427 761 457 798 se
468 746 503 798 de
514 744 585 799 lecto
597 762 708 814 surgere
719 748 858 815 nequibat.
871 748 951 815 Quod
962 751 1069 816 vulnus,
1080 753 1220 806 accidente
1231 754 1314 808 etiarn

139 843 185 897 lio
194 843 257 908 alio,
266 843 385 898 multum
396 849 526 913 gravatus
536 843 548 876 ²
559 848 609 907 est,
618 844 656 897 ita
668 849 699 898 ut
709 846 793 898 etiam
806 845 840 899 de
852 847 909 901 rita
917 864 967 900 sua
978 848 1175 917 desperaretur.
1184 851 1314 905 Prostrati

139 958 150 995 >
168 943 248 996 amici
266 943 326 1010 ejus
338 943 367 996 in
379 943 494 996 modum
506 942 594 995 cmcis
606 943 633 995 in
648 947 729 1004 terra,
741 944 873 999 auxilium
885 946 973 1000 Matre
983 947 1124 1002 Elimbeth
1135 949 1316 1005 attentissime

139 1041 252 1096 itabant
266 1041 319 1109 Qui
334 1043 392 1109 jam
410 1042 531 1095 sentiens
546 1058 576 1095 se
594 1042 744 1106 visitatum,
761 1059 824 1097 cum
841 1045 1053 1113 appodiamento
1069 1047 1315 1117 peregrinationem

139 1145 246 1194 notatae
259 1140 366 1194 ancillae
378 1140 479 1195 Christi
491 1140 613 1209 arripuit,
625 1141 672 1194 ubi
682 1141 762 1210 plene
775 1148 885 1195 curatus
896 1148 946 1197 est.

139 1237 210 1295 129.
230 1239 261 1291 ln
271 1238 376 1292 diocesi
386 1238 683 1307 ldaguntensi,Sopbia,
690 1238 778 1292 Bertae
786 1239 850 1303 lilia,
857 1239 1033 1306 blachtildis³,
1041 1242 1101 1297 Ara
1107 1243 1141 1296 de
1149 1244 1316 1311 Vindenbak,

139 1335 171 1389 iis
180 1336 386 1390 infirmitatibus
394 1335 559 1400 laborantes,
570 1352 632 1404 quae
647 1352 752 1400 omnes,
763 1337 835 1390 rotis
846 1354 959 1391 suorum
977 1355 1026 1408 pro
1039 1341 1104 1408 ipsis
1115 1341 1151 1394 ad
1162 1342 1316 1411 sepulcrum

139 1438 177 1488 tae
198 1434 336 1488 Elisabeth
355 1434 526 1497 iacientibus,
543 1433 652 1502 plenam
670 1434 704 1487 de
722 1435 899 1488 incommodo
916 1451 967 1489 suo
987 1442 1140 1491 consecutae
1159 1442 1224 1492 sunt
1246 1440 1316 1494 sani·

139 1549 182 1587 rm.

139 1632 212 1691 130.
230 1631 314 1687 Filius
336 1632 497 1686 Yseutrudis
509 1632 528 1697 ⁴,
549 1648 617 1700 puer
637 1631 759 1696 triennis,
779 1632 908 1695 claudus;
927 1634 1055 1688 iordanis
1074 1635 1108 1688 de
1128 1635 1229 1701 Vacha,
1245 1638 1318 1705 ejus·

139 1746 154 1782 n
171 1729 286 1783 diocesis
304 1734 332 1782 ct
349 1728 466 1797 paralysi
479 1729 492 1762 ⁶
503 1744 608 1797 passus,
619 1728 655 1781 ad
666 1729 821 1796 sepulcrum
834 1728 921 1782 beatae
938 1729 1078 1784 Elimbetlr
1094 1732 1213 1800 perfecte
1228 1734 1317 1787 sanati

139 1834 163 1882 ’.1.

139 1927 212 1984 181.
234 1925 346 1990 Aleidis,
359 1924 498 1988 canonica,
510 1924 705 1977 Palbumeusis
717 1923 728 1958 ⁸
740 1924 864 1988 diocesis,
876 1924 1025 1995 hydropica
1037 1927 1219 1997 omnibusque
1231 1945 1317 1984 mem·

139 2041 147 2076 s
161 2031 188 2079 et
202 2024 270 2078 facie
286 2023 370 2077 nimis
388 2022 478 2075 inflata
495 2025 623 2081 existens.
636 2022 718 2091 coepit
732 2023 906 2077 invocatione
920 2024 1007 2077 beatae
1019 2025 1157 2079 Elizabetlr
1171 2026 1316 2080 sanitatem

139 2124 234 2178 ¹omino
245 2123 376 2192 flagitare.
388 2121 454 2189 Qum
466 2122 568 2186 statim,
581 2122 672 2176 nimiis
684 2122 954 2191 intolerabilibusque
966 2125 1112 2178 sudoribus
1123 2130 1245 2194 purgata,
1254 2142 1317 2180 curu

139 2224 170 2277 ilo
184 2227 246 2292 post
260 2222 296 2275 ad
313 2222 451 2276 tumulum
464 2226 565 2274 sanctie
577 2221 627 2274 Dei
639 2221 716 2289 nigra
727 2226 790 2275 cute
801 2223 929 2285 uenisset,
941 2223 1059 2277 naturali
1071 2223 1124 2278 illic
1136 2224 1228 2278 colore
1237 2225 1248 2257 l
1257 2226 1318 2279 red-

139 2338 147 2373 ι
157 2320 302 2374 incolumis
314 2319 449 2373 remearit
459 2320 494 2372 ad
505 2321 624 2388 propria.

139 2417 212 2475 132.
234 2419 315 2487 Apud
323 2418 479 2487 Martpurch
488 2418 508 2483 ⁸,
520 2418 646 2486 quaedam
658 2418 757 2471 mulier
767 2418 801 2471 de
810 2420 927 2473 sanitate
939 2419 1046 2488 penitus
1058 2420 1208 2489 desperata,
1219 2421 1318 2490 hydro-

139 2525 188 2573 ret
202 2535 251 2588 per
266 2523 357 2572 toturn
374 2518 457 2571 nimis
472 2517 565 2570 inflata
580 2521 646 2570 erat.
656 2516 722 2582 Quae
734 2518 769 2570 ad
781 2517 935 2587 sepulcrum
948 2519 1035 2573 beatae
1046 2519 1187 2574 Elisabeth
1198 2521 1318 2585 veniens,

139 2619 200 2672 uitio
221 2619 283 2685 ejus
300 2634 331 2671 se
348 2621 434 2670 totam
453 2616 579 2686 exposuit
585 2637 592 2679 ;
610 2622 637 2670 et
654 2616 725 2669 datis
742 2616 928 2671 oblationibus
945 2635 1007 2672 cum
1026 2618 1144 2688 imagine
1161 2636 1240 2673 cerea
1256 2636 1319 2674 can·

139 2734 204 2787 ique
225 2718 260 2770 ad
281 2716 480 2785 longitudinem
502 2722 530 2770 et
549 2716 603 2770 alia
623 2717 658 2769 ad
677 2715 849 2770 latitudinem
866 2734 954 2782 suam,
974 2718 1065 2772 statim
1090 2734 1108 2771 a
1127 2718 1199 2773 dicto
1220 2720 1319 2774 morbo

139 2823 184 2871 ata
194 2822 243 2870 cst

139 2915 214 2973 133.
235 2913 451 2982 lnghelbertus⁹
471 2913 505 2967 de
522 2913 679 2981 Martpurch
695 2928 778 2982 super
794 2913 904 2967 oculum
917 2914 1043 2968 dextrum
1061 2916 1097 2969 ad
1113 2931 1211 2970 nasum
1224 2933 1319 2986 quem·

139 3033 151 3070 r
165 3032 214 3086 per
226 3014 370 3070 biennium
388 3013 511 3067 ioetidum
529 3013 674 3066 humorem
696 3011 884 3066 insanabiliter
895 3013 1053 3068 effluentem
1064 3015 1226 3084 patiebatur,
1239 3015 1319 3070 oculo

140 3114 257 3168 tibiliter
271 3113 434 3167 deformato.
445 3112 498 3165 Pro
507 3128 563 3179 quo
573 3127 635 3164 curn
648 3114 737 3163 mater
753 3111 812 3177 ejus
829 3112 985 3166 censualem
996 3114 1019 3147 ¹⁰
1035 3130 1065 3167 se
1082 3115 1268 3170 constituisset
1283 3117 1319 3170 nd

139 3232 160 3267 rs
172 3213 302 3267 denarios
312 3212 441 3266 omuibus
451 3211 547 3264 diebus
558 3211 621 3263 ritae
630 3226 695 3273 suae,
707 3209 825 3279 perfecte
835 3210 976 3264 restitutus
988 3217 1029 3265 est
1038 3213 1156 3268 sanitati.

139 3311 214 3369 [34.
233 3311 313 3364 ltem.
333 3310 365 3362 ln
383 3309 479 3362 eadem
497 3307 608 3370 diocesi,
625 3306 707 3360 Berta
724 3306 828 3360 fluxum
844 3307 985 3375 sanguinis
1001 3324 1050 3376 per
1066 3324 1146 3363 nares
1157 3310 1318 3378 potiebatur.

139 3411 169 3464 le
188 3413 318 3478 parentes
338 3423 400 3460 carn
421 3407 456 3459 ad
476 3406 630 3475 sepulcrum
651 3404 738 3458 beatae
757 3403 898 3458 lllizabetb
917 3405 1083 3459 deducentes
1103 3406 1185 3459 etad
1205 3423 1317 3462 censum

139 3525 209 3562 rrum
226 3506 401 3561 denariorum
417 3506 561 3559 annuatim
573 3504 666 3572 quoad
681 3503 785 3557 viveret
800 3502 959 3572 obligantes,
974 3520 1042 3572 puer
1055 3510 1168 3559 sanatus
1179 3511 1227 3559 est

139 3606 214 3664 1³5.
236 3606 380 3669 Heuricus,
398 3604 562 3673 Mogontinae
574 3600 697 3665 diocesis,
709 3601 788 3654 annis
799 3616 838 3653 vn
850 3599 1022 3665 infistulatus,
1033 3602 1121 3655 multa
1132 3601 1208 3656 sanie
1219 3603 1318 3658 deflue-

148 3705 184 3757 de
201 3717 315 3772 corpore
332 3701 399 3768 ejus.
412 3700 462 3753 Hic
479 3701 515 3754 ad
527 3698 663 3754 tumulum
676 3697 763 3750 beatae
775 3696 915 3750 Elimheth
926 3714 973 3766 spe
992 3699 1183 3767 recuperandae
1193 3699 1319 3754 sanitatis

139 3819 190 3867 ens,
203 3800 284 3854 tertia
292 3800 360 3853 seria
372 3799 552 3853 hebdomadae
564 3797 758 3851 Penthecostes
769 3812 799 3849 se
810 3795 895 3849 sensit
905 3801 1040 3851 curatum,

139 3899 214 3958 [36.
235 3898 368 3965 Quaedam
390 3895 542 3965 Lutgardis,
563 3893 729 3964 ldaguntinae
748 3892 871 3958 diocesis,
889 3898 917 3947 ct
936 3891 989 3946 alia
1009 3893 1112 3948 Aleidis
1132 3895 1165 3948 de
1184 3894 1319 3961 lliserlon,

139 3999 245 4069 lropisis
266 3996 363 4050 morbo
383 3993 569 4047 incurabiliter
588 3991 847 4061 desperabiliterque
867 4007 915 4059 per
934 3991 1027 4061 plures
1047 4007 1134 4045 annos
1154 3993 1271 4047 detentae
1291 4000 1320 4049 et

139 4104 219 4152 atura
242 4094 437 4165 nigredineque
460 4090 544 4146 totius
566 4091 687 4160 corporis
709 4090 932 4144 abominabiliter
954 4089 1121 4148 delonnatre.
1144 4092 1255 4146 tandem
1283 4094 1319 4147 ud

139 4196 221 4266 fragia
242 4196 329 4248 beatae
349 4190 497 4255 Elisabeth,
514 4189 629 4243 diversis
648 4188 712 4242 licet
729 4187 906 4256 temporibus,
924 4187 1004 4257 plene
1020 4188 1152 4242 restitutas
1168 4193 1234 4242 sunt
1249 4190 1320 4244 sani·

144 4529 193 4580 sic.
205 4554 237 4564 —
249 4525 261 4559 ¹
272 4527 320 4578 sic.
328 4552 360 4561 —
371 4521 529 4576 ³ltathi1dts
539 4522 563 4575 1.
572 4548 606 4561 -
616 4522 628 4555 ⁴
637 4521 787 4575 lsentrudis
798 4521 822 4574 1.
838 4548 872 4561 -
888 4521 959 4575 lete.
975 4546 1009 4559 -
1023 4518 1241 4573 ⁸Palburuenais
1251 4517 1277 4571 1.
1287 4546 1320 4556 -

138 4613 163 4662 'c.
174 4633 208 4645 -
218 4608 232 4642 ⁸
242 4605 403 4676 llarthpurh
415 4613 438 4660 et
450 4622 513 4659 moe
522 4608 620 4659 iterum
630 4605 654 4659 2.
667 4636 698 4644 —
711 4604 723 4640 ⁹
734 4603 903 4673 lngelbertus
915 4604 978 4658 1.-
992 4603 1016 4637 ¹⁰
1026 4604 1101 4657 codd.
1113 4600 1276 4656 sensualem.
