3142 5392
329 320 401 394 518
664 340 791 392 curru.
817 339 921 392 cocu.
946 338 1225 408 salomonicum.

329 530 426 584 littera
438 529 568 594 initiales;
581 529 642 584 aliae
652 546 717 584 vero
729 530 821 584 colore
832 529 917 584 lulro.
931 529 1075 584 Nonnullae
1086 530 1186 585 litterae
1199 531 1329 597 initiales,
1338 534 1453 603 ingentes
1459 536 1520 604 urei«

330 625 476 680 artificiose
492 625 635 680 delineata
652 631 716 680 sunt
727 632 755 680 et
767 627 851 680 rubro
862 642 894 680 ec
907 626 983 680 lulio
996 626 1136 682 coloribus
1148 628 1333 695 obumbrata,
1344 646 1395 685 uua
1405 630 1453 695 (lot
1461 632 1520 689 litio

330 723 410 779 valde
421 725 559 794 eleganter
567 725 653 779 minio
665 725 803 781 delineata
811 730 862 779 est
925 728 933 743 ⁸

363 824 455 878 Codex
467 840 561 878 rursus
573 825 727 894 agnoscitur
738 823 943 878 Gemblacensis
955 840 988 877 ex
1001 826 1108 879 ratione
1117 827 1330 895 compactionis.

364 924 492 978 Continet
509 925 639 994 opuscula
656 924 700 977 ἃς.
718 923 887 992 Hieronymi,
905 923 1058 992 Augustini,
1070 925 1217 995 Epiphanii
1237 932 1265 982 et
1281 927 1407 996 epistolas
1416 927 1438 980 S.
1452 927 1517 996 [gurdi

331 1023 505 1086 Antiocheni,
517 1023 617 1093 quibus
629 1023 775 1089 subjuncta
787 1028 829 1076 est
841 1041 847 1075 :

433 1191 470 1260 1⁰
495 1188 551 1261 Kl.
576 1187 765 1260 Februarii
791 1188 916 1281 passio
945 1187 1066 1262 sancti
1090 1188 1224 1281 Ignatii
1250 1191 1429 1283 martyris
1443 1191 1515 1264 disci·
1560 1232 1563 1327 i

477 1303 554 1396 puli
593 1303 776 1376 iohannis
809 1303 970 1395 apostoli
1004 1310 1040 1377 et
1074 1303 1316 1397 evangelistae
1348 1307 1420 1398 (fol.
1452 1309 1514 1379 155'-
1560 1336 1563 1385 ε

483 1420 592 1507 15r).
1560 1398 1563 1509 ξ

364 1545 705 1611 saturaremur.
720 1545 978 1615 rrebmomnp.
996 1546 1082 1600 eom.
1099 1573 1131 1583 -
1149 1546 1181 1599 rn
1192 1546 1514 1602 murcomannum
1560 1516 1563 1607 l

331 1646 376 1700 his
387 1644 479 1698 verbis
491 1663 497 1697 :
514 1645 669 1697 solemniter
680 1646 829 1698 celebratur
840 1644 898 1709 (clr.
911 1649 977 1698 tom.
989 1645 1043 1707 cit,
1060 1661 1086 1712 p.
1097 1644 1139 1707 33,
1150 1649 1246 1698 annot
1258 1648 1304 1712 m.)
1321 1651 1349 1700 et
1365 1647 1515 1700 subnectuntur
1560 1646 1563 1709 ξ

331 1743 389 1804 (iol.
402 1743 547 1806 licit-1585t
559 1759 620 1812 quae
631 1742 766 1796 Eusebius
775 1747 804 1796 et
815 1743 999 1811 Hieronymus
1010 1743 1044 1796 de
1054 1743 1135 1796 beato
1148 1748 1270 1812 martyre
1280 1745 1445 1799 tradiderunt
1560 1738 1563 1785 l

324 1860 327 1864 ’
432 1845 471 1917 l⁰
498 1845 598 1917 Laus
615 1843 766 1917 Hironis
791 1844 832 1917 in
857 1866 954 1933 eum,
972 1843 1141 1937 discipuli
1158 1845 1242 1938 ejus
1267 1851 1305 1919 et
1328 1846 1516 1928 succesus

480 1959 545 2052 qui
569 1959 602 2032 ei
628 1981 693 2050 per
718 1958 981 2032 revelationem
1002 1960 1123 2033 luerat
1149 1966 1326 2035 ostensus
1350 1963 1440 2055 quod
1453 1967 1517 2035 eeu

479 2096 721 2148 successurus
739 2075 953 2163 cathedram
971 2073 1087 2167 ipsius
1106 2075 1184 2167 (fol.
1207 2078 1319 2171 last).

456 2204 616 2269 Sacerdos
646 2209 678 2268 et
706 2207 851 2268 assertor
879 2203 1110 2286 sapientissimi
1142 2203 1212 2281 Dei,
1245 2206 1442 2272 immaculata
1464 2204 1518 2269 stola

497 2304 620 2376 indute,
635 2302 770 2385 perenni
787 2303 875 2366 fonte
890 2306 1044 2379 saturato,
1064 2322 1137 2367 cum
1160 2304 1285 2386 angelis
1302 2306 1394 2370 laude
1406 2304 1520 2371 candus

495 2401 704 2484 Primogeniti
716 2405 803 2466 certe
818 2402 931 2479 amice,
943 2421 961 2467 a
978 2403 1118 2484 peccatis
1130 2401 1278 2480 liberate,
1291 2423 1312 2467 a
1325 2405 1446 2469 ‹liabolo
1457 2421 1522 2484 sepe·

496 2506 577 2579 rate,
607 2501 754 2584 agonista
783 2501 976 2565 constitutus
1005 2501 1039 2564 in
1070 2501 1178 2565 stadio
1207 2503 1363 2580 veritatis
1391 2501 1523 2585 adquisisti

497 2601 674 2685 pretiosam
690 2600 837 2676 salutem,
850 2600 1021 2664 confudisti
1035 2600 1216 2681 Trajanum
1231 2606 1264 2666 et
1277 2608 1423 2668 senatum
1432 2603 1524 2671 Rom,

498 2699 706 2782 prudentiam
735 2718 821 2764 nunc
853 2718 919 2763 non
947 2699 1133 2772 habentem,
1164 2699 1362 2766 domesticus
1394 2703 1481 2766 lactus
1501 2717 1524 2761 es

498 2799 627 2863 Christo
642 2798 675 2861 in
690 2798 859 2862 dilectione
875 2801 908 2861 et
925 2797 989 2862 fide
1004 2801 1036 2862 ct
1050 2798 1126 2862 vila.
1139 2799 1264 2863 Memor
1279 2805 1350 2865 esto
1365 2801 1432 2875 mei,
1443 2796 1525 2864 liliitu

499 2899 640 2975 HironiS,
663 2903 698 2962 ut
721 2903 828 2980 elego
852 2900 892 2962 de
914 2900 975 2963 hac
996 2900 1063 2964 vita
1085 2900 1195 2964 exiens
1211 2907 1324 2965 sancte
1346 2901 1456 2966 sanclis
1473 2915 1527 2961 cou-

499 3018 651 3062 numcrer
673 3001 705 3062 et
721 2998 854 3080 dignum
876 3018 995 3062 nomen
1023 3019 1150 3064 merear
1165 2999 1311 3082 adipisci,
1333 3005 1365 3065 et
1385 3000 1423 3064 de
1441 2999 1527 3080 injusti

499 3097 639 3162 statione
662 3117 726 3160 non
741 3098 886 3161 inveniar
901 3098 1025 3162 alienus
1047 3099 1160 3163 aDe0.
1179 3099 1245 3165 Ter
1266 3105 1441 3182 quaterque
1452 3098 1528 3167 beate,

500 3196 555 3279 qui
571 3197 613 3259 ad
628 3195 707 3259 talia
721 3196 907 3278 pervenisti,
921 3201 1014 3278 pater
1028 3197 1141 3278 ignati.
1156 3197 1278 3263 Currus
1294 3198 1390 3264 lsrael
1405 3203 1433 3263 et
1448 3195 1529 3274 auriga

501 3296 580 3377 ejus,
592 3295 724 3358 etrasisti
736 3299 875 3359 mortem
891 3296 1052 3378 fugiend0,
1066 3300 1098 3360 et
1113 3297 1154 3361 de
1169 3297 1263 3361 terris
1279 3298 1322 3361 ad
1337 3297 1467 3362 coeleslia
1477 3311 1530 3357 ero

500 3393 583 3459 lasti.
600 3394 762 3459 Coronam
775 3394 924 3458 deificam
940 3399 973 3458 et
987 3415 1141 3476 nragnam
1155 3397 1313 3475 meruisti,
1330 3403 1361 3462 et
1382 3398 1412 3462 in
1432 3390 1530 3460 amabil

501 3493 559 3557 Dei
572 3513 675 3575 agone
687 3493 800 3557 vicisti.
813 3494 976 3558 Memento
987 3495 1057 3576 ejus
1069 3515 1166 3577 quem
1178 3496 1318 3573 nutristi,
1329 3497 1421 3561 beate
1431 3496 1532 3574 martyr.

501 3596 531 3655 et
545 3596 664 3674 praesta
675 3592 753 3655 milri
766 3591 961 3674 colloquium
973 3592 1055 3656 sicut
1066 3591 1156 3674 prius
1168 3591 1323 3657 faciebas.

782 3815 1122 3823 ———————

534 4081 691 4168 LXXX.
722 4079 844 4166 dodex
875 4080 1062 4191 signatus
1093 4099 1137 4165 n⁰
1166 4081 1368 4169 5519-26.

371 4299 509 4352 Foliorum
530 4300 584 4361 135,
602 4299 697 4351 ioruue
716 4298 859 4351 mediocris
875 4299 981 4365 (0¹³,ltl5
996 4305 1021 4355 ><
1035 4299 1130 4361 0205).
1148 4297 1285 4351 columnis
1304 4299 1383 4363 binis,
1400 4298 1472 4352 lineis
1485 4292 1536 4361 style

338 4398 466 4467 plumbeo
479 4397 574 4462 ductis,
586 4403 714 4450 exaratus
726 4396 840 4450 dirersis
849 4397 976 4450 inanibus
986 4396 1069 4450 seculi
1081 4396 1138 4449 llll.
1147 4397 1231 4450 Tituli
1244 4397 1332 4451 minio
1341 4398 1444 4467 signali.
1453 4396 1537 4449 sicutrt

339 4497 474 4565 plerasque
486 4496 581 4549 littene
590 4495 801 4559 initialesnullis
811 4496 988 4558 ornamentis,
1002 4501 1099 4564 praeter
1107 4495 1255 4549 nonnullas
1265 4497 1379 4550 exordio
1391 4497 1538 4550 documento

277 4662 280 4666 Α
338 4613 398 4650 rum
411 4597 477 4650 sutis
488 4595 594 4665 amplas
606 4600 633 4648 et
642 4595 724 4648 variis
736 4595 874 4649 coloribus
886 4595 961 4648 haud
974 4594 1142 4663 ineleganter
1154 4594 1285 4664 depictas

370 4695 476 4749 Rursus
488 4711 520 4748 ex
534 4698 590 4747 totu
603 4693 704 4747 codicis
716 4692 785 4746 facie
795 4691 931 4761 colligitur
939 4709 1002 4747 eum
1015 4692 1098 4746 luisse
1107 4692 1267 4746 monasterii
1277 4692 1482 4748 Gemblacensis
