3142 5392
190 325 262 398 318
526 348 651 398 cursu.
679 348 782 399 cono.
808 348 1088 401 samosateum.

187 539 233 597 nil,
243 541 367 592 ausculto
380 540 450 606 qicod
462 541 589 606 conspexi
599 541 742 604 somarium,
751 541 823 607 qnod
831 547 854 591 et
864 558 935 593 istinc
945 542 1052 606 ripilern
1063 558 1103 592 rue
1112 544 1205 594 ricmis
1212 544 1301 610 inopeut

188 654 238 704 qne
251 639 339 689 reddit
354 639 382 689 in
394 645 450 689 luto
466 639 651 704 trepidantem.
667 638 730 689 Vidi
739 640 809 689 enim
819 639 912 704 lupenn
922 641 1065 705 quemdam
1077 640 1216 692 uehementi
1225 643 1299 708 impetu

187 737 343 800 irruentem,
356 736 438 786 tubera
456 751 515 787 urea
532 737 651 787 cruentis
666 736 793 800 furcciius
810 738 957 788 laniantem
969 744 992 788 et
1004 754 1131 789 cruorem
1144 740 1268 805 modicum
1278 742 1301 791 sit

186 837 254 886 niaco
264 842 346 899 pastu
359 836 554 900 suscipientem.
566 832 678 885 Dixerat
696 837 723 886 et
736 833 762 886 iu
779 834 852 887 dicto
870 834 934 887 boni
950 835 1056 904 aliquid
1069 836 1217 904 portentui
1227 837 1301 891 sibim

188 932 273 985 filium
287 949 367 985 suum
379 938 405 984 et
416 938 506 985 cetera
519 932 708 985 omniasancti
718 932 820 986 Nicolui
833 950 904 986 curae
916 919 1172 988 commendaverat
1184 937 1301 1006 Egresiqu

187 1048 303 1100 propero
316 1031 458 1084 ecclesiam
478 1035 668 1099 pervenerunt,
681 1031 727 1084 ubi
747 1032 774 1085 in
787 1032 880 1085 laudes
897 1035 982 1086 sancti
1000 1039 1060 1087 tota
1072 1034 1226 1096 devotione,
1241 1040 1301 1089 tctm

187 1130 235 1191 rio,
245 1149 354 1185 summa
366 1130 466 1184 mentis
479 1130 613 1184 suavitate
626 1131 759 1199 suspensi.
769 1148 818 1199 pro
833 1149 862 1184 se
874 1138 901 1185 et
912 1132 969 1185 suis
980 1149 1077 1201 preces
1089 1133 1235 1202 placabiles
1244 1136 1302 1188 Deo*

187 1233 351 1313 obtulerunt.
364 1230 438 1284 Vidit
450 1229 531 1298 igitur
549 1235 576 1282 et
597 1229 700 1292 invidit,
713 1230 763 1298 piis
776 1247 883 1300 semper
901 1231 973 1284 votis
990 1231 1100 1298 obvius,
1113 1233 1224 1302 quidam
1239 1240 1302 1287 satan

186 1337 339 1394 senlaueus
350 1334 546 1398 assumptoque
555 1328 652 1381 habitu
661 1328 816 1396 poenitentis
825 1330 937 1383 domum
956 1347 1052 1384 eorum
1067 1331 1137 1385 adiit
1151 1333 1302 1386 damnanti

186 1432 247 1484 ticte
265 1430 376 1498 quidem
389 1429 550 1481 alimoniam
564 1433 666 1495 petens.
679 1428 726 1480 sed
739 1445 794 1481 non
807 1428 868 1482 ficte
880 1430 981 1482 sanctis
992 1430 1141 1484 hominum
1159 1433 1301 1486 exercitiisi

185 1529 364 1597 pretendens,
373 1527 458 1580 Porro
472 1527 581 1579 famulis
590 1527 642 1579 hac
654 1526 715 1579 illac
727 1526 941 1580 discurrentibus
956 1533 983 1580 et
1001 1529 1163 1582 convivium
1177 1530 1302 1583 clericoru

185 1628 236 1680 sim
255 1626 471 1696 procurantibus.
492 1626 566 1679 solus
587 1626 679 1678 forsan
700 1625 770 1678 sedit
790 1630 883 1678 custos
903 1626 1001 1678 domus
1019 1643 1097 1695 puer,
1117 1629 1302 1695 patrisfamilias

185 1725 237 1791 Qui
256 1725 290 1777 ad
309 1725 461 1776 demonem
481 1722 651 1775 assistentem
671 1727 699 1774 et
714 1722 868 1779 miserrimi.
882 1728 911 1775 ut
932 1728 997 1782 erat,
1015 1723 1124 1776 vultum
1144 1727 1302 1792 pratendcnt

186 1824 295 1876 insolito
308 1823 404 1876 habitu
416 1822 564 1883 admirans,
576 1821 629 1874 ait:
644 1824 711 1887 Quis
723 1824 793 1874 euim
802 1830 831 1873 tu-
843 1840 870 1873 es
879 1830 926 1874 niet
938 1840 989 1890 qno
1000 1826 1096 1876 nierito
1105 1832 1189 1878 tantu
1200 1829 1303 1877 raritati,

184 1926 303 1976 tudinem
322 1923 448 1975 cultiles?
465 1922 571 1973 Edicito
584 1921 651 1972 inihi
668 1922 738 1972 unde
749 1923 858 1983 certeris,
872 1929 899 1971 ut
916 1923 1036 1988 accipias
1046 1930 1144 1988 postea
1163 1925 1303 1990 quodprea

184 2024 249 2089 Epa,
262 2021 349 2090 inquil
361 2020 511 2089 hypocrita,
528 2021 560 2072 de
571 2022 718 2086 lorrpinqun
728 2021 835 2085 cepione
846 2021 1022 2081 irrediturue,
1032 2037 1104 2086 reor,
1118 2025 1202 2082 renio,
1216 2024 1303 2073 addicti

183 2139 276 2174 serens
288 2123 346 2186 repi
362 2121 471 2172 cuidam
481 2121 666 2186 potentissimo
673 2137 684 2182 ,·
700 2119 753 2178 sed,
763 2120 828 2185 qnia
840 2121 891 2170 ceni
901 2135 1025 2171 correereo
1037 2136 1095 2172 orreo
1104 2137 1159 2187 pro
1172 2123 1303 2185 sinputurit

182 2222 294 2273 lionoris
312 2223 341 2271 iu
361 2221 451 2286 ipsum
469 2234 555 2283 nepem
576 2217 740 2284 superbienti
756 2233 910 2269 coruscarunt
931 2219 1111 2269 inconsultius
1133 2220 1255 2283 celiani,
1273 2237 1303 2271 cui

178 2323 288 2387 puriter
304 2320 379 2371 orrrrri
389 2319 489 2370 licitare
502 2319 629 2384 priuatus
641 2334 738 2369 necnon
758 2318 820 2369 exul
832 2324 855 2368 el
866 2318 1043 2368 exheredatus
1055 2335 1126 2378 erent,
1136 2327 1160 2371 et
1173 2321 1271 2370 utillum
1282 2319 1303 2369 lu

180 2426 335 2472 consecutus
347 2417 574 2469 reconciliationis
585 2416 711 2480 effectum.
722 2416 800 2476 Saue,
810 2418 874 2482 quia
887 2417 916 2466 in
930 2417 1018 2481 ipsum
1028 2422 1110 2469 tantu
1116 2421 1256 2484 potestatis
1271 2420 1303 2469 dn

181 2520 275 2570 ulcisci
284 2534 336 2570 reon
342 2519 429 2584 potui,
439 2523 565 2584 quotquot
577 2517 609 2567 de
618 2518 676 2566 sitis
687 2518 713 2566 ci
723 2517 760 2566 cel
767 2517 868 2580 frande
876 2517 974 2580 forsan
982 2516 1095 2578 obtinui,
1104 2524 1163 2568 tam
1181 2519 1273 2569 multos
1282 2520 1303 2566 in

180 2635 253 2670 nnus
266 2619 395 2681 interemi,
406 2623 434 2667 ut
446 2617 477 2668 ob
488 2617 536 2667 troc
543 2632 685 2680 perennem
695 2622 808 2667 actenus
815 2617 998 2680 purulentiam
1007 2618 1114 2666 certium
1124 2623 1213 2669 tanun
1222 2619 1304 2668 tantis

181 2734 233 2769 non
243 2733 348 2767 tuet'ettr‘
357 2717 516 2781 offecturum.
530 2714 627 2765 Desine
636 2730 704 2779 erpo,
717 2715 807 2765 desine
823 2717 899 2765 carris
910 2731 948 2764 nce
959 2716 1088 2765 rainerum
1101 2717 1220 2767 detinere
1228 2733 1304 2767 armo

180 2818 250 2882 ‹cffer
257 2818 347 2882 patim
356 2816 426 2881 quad
434 2815 554 2885 poposci,
567 2820 596 2864 ut
606 2815 746 2879 procedam
755 2815 906 2879 piteriitendo
915 2812 1207 2866 cilternattccedenus
1217 2814 1304 2882 igilur!

179 2930 291 2967 inanum
306 2912 510 2965 misericordem
521 2911 714 2964 immisericors
731 2912 819 2964 hostis
831 2911 950 2979 arripuit,
968 2917 1003 2971 et,
1021 2911 1093 2965 sicut
1112 2913 1184 2965 solet
1203 2918 1304 2966 ceteros

179 3019 285 3065 centem
305 3012 380 3065 ocius
398 3011 540 3079 jugulavit,
563 3012 730 3079 subjungens
751 3028 856 3064 senon
881 3012 971 3065 cibum
995 3012 1086 3065 carnis
1106 3013 1157 3066 sed
1179 3014 1278 3067 esurire
1298 3030 1304 3064 ε

179 3118 296 3165 mortem
314 3111 441 3164 hominis.
460 3111 616 3164 Redeuntes
637 3111 746 3163 tandem
768 3127 785 3162 a
805 3111 995 3178 procuratione
1016 3127 1065 3163 sua
1087 3112 1210 3166 famulos
1227 3114 1286 3182 quis

178 3227 239 3279 quie
252 3210 385 3272 confusia,
396 3210 458 3277 quis
469 3213 549 3277 putas
561 3208 639 3260 dolor
647 3224 696 3275 pro
714 3207 809 3261 dolosa
822 3224 888 3261 nece
900 3208 1040 3276 pervasit?
1058 3208 1168 3278 Quippe
1181 3212 1305 3264 nescienti

177 3313 296 3376 agerent,
309 3324 363 3376 quo
376 3324 405 3360 se
423 3323 517 3359 secure
535 3306 709 3369 diverterent,
727 3322 808 3374 quem
827 3312 967 3359 auctorem
980 3308 1048 3360 tanti
1064 3308 1179 3361 sceleris
1197 3325 1305 3362 accusas

177 3407 288 3460 unicum
309 3406 419 3459 tandem
439 3405 512 3473 quod
531 3404 678 3466 habebant,
690 3403 814 3472 planctus
833 3409 860 3456 et
878 3403 1002 3457 rnoeroris
1020 3405 1158 3473 retugium
1177 3408 1305 3475 pariteri

176 3507 251 3558 bant.

209 3604 293 3657 Dolor
311 3603 422 3671 quidem
442 3618 537 3654 eorum
557 3601 635 3653 dolor
648 3600 758 3660 multus,
771 3601 818 3653 scd
832 3600 910 3653 ‹lolor
927 3605 1070 3668 parentum
1090 3601 1173 3655 dolor
1192 3604 1302 3658 infinito

175 3720 245 3772 quos
258 3704 390 3755 damnum
407 3702 498 3754 curnis
517 3699 613 3768 attigit,
626 3716 704 3767 perna
719 3699 830 3767 propior
846 3699 955 3767 penitus
968 3700 1130 3767 penetrarit.
1144 3701 1216 3767 Quis
1229 3705 1304 3758 enim

175 3803 295 3870 planctui
305 3801 456 3870 pepercisse
469 3816 539 3867 epuns
548 3800 586 3851 sic
596 3798 746 3866 contigerat
755 3802 843 3850 lotum
857 3798 919 3850 vite
929 3797 1056 3850 solatium
1067 3803 1124 3851 lam
1136 3801 1233 3855 subito
1244 3806 1306 3871 peri

175 3901 326 3954 Accurrens
343 3916 462 3968 namque
479 3904 555 3967 pater
565 3899 622 3966 jam
639 3904 796 3966 peremptus
814 3898 841 3951 in
860 3898 916 3951 tilio
928 3904 955 3951 et
973 3915 1027 3967 prce
1045 3899 1142 3951 dolore
1161 3901 1275 3956 interno
1298 3922 1306 3956 t

174 4002 270 4063 tactus,
289 4000 366 4053 vultu
378 4016 489 4067 quoque
502 4003 529 4051 et
541 4014 608 4050 voce
621 3997 826 4066 incompositus,
842 4003 872 4051 ut
884 4014 938 4066 prce
956 3997 1058 4050 uiribus
1071 3997 1185 4065 pietatis
1198 4003 1294 4056 sirum

174 4116 289 4152 excusso
311 4099 407 4167 capite.
429 4098 543 4150 contusa
561 4101 661 4159 mente,
682 4096 801 4149 demissa
826 4096 895 4148 taric
918 4112 1064 4165 parumper
1084 4100 1202 4157 avertit;
1232 4107 1262 4154 et
1292 4119 1305 4155 r

173 4200 284 4251 demum
316 4199 350 4250 ad
367 4202 517 4258 mortuum,
541 4198 607 4248 satis
629 4196 771 4264 querulam
792 4196 863 4248 hanc
887 4195 1039 4264 prorumpit
1058 4196 1087 4248 in
1109 4213 1221 4252 vocem.
1246 4203 1306 4271 (Sec,

173 4300 285 4365 picerela
297 4315 348 4363 per
366 4315 446 4348 eruum
459 4296 610 4363 papinum.)
624 4295 697 4346 Inter
709 4294 792 4346 verba
804 4295 889 4362 patris
901 4295 1015 4362 querula
1026 4310 1082 4347 non
1094 4296 1189 4363 poluit
1207 4306 1305 4354 muter

172 4396 214 4449 sui
226 4395 397 4449 dissimulare
411 4394 567 4462 dispendia;
582 4394 629 4445 sed
643 4393 678 4446 ob
691 4410 798 4461 poenam
809 4410 891 4461 quam
911 4394 995 4446 sensit
1006 4409 1104 4446 sensus
1121 4411 1197 4462 pene
1215 4402 1306 4454 nesci:

172 4494 274 4547 doloris
287 4493 365 4562 copia
377 4493 419 4546 sui
432 4494 511 4560 inops
532 4493 636 4553 effecta,
658 4491 806 4559 complosis
823 4492 960 4556 manibus,
974 4490 1075 4544 collisis
1093 4492 1240 4559 dentibus,
1256 4504 1307 4553 tra:

172 4595 266 4653 riculis,
278 4594 341 4647 altis
353 4593 475 4661 suspiriis
492 4592 619 4661 prolapsa
636 4592 695 4645 solo
708 4591 810 4644 diutius
819 4591 964 4644 laborarit.
974 4591 1119 4660 Tantaque
1137 4597 1260 4662 gramus
1275 4618 1307 4669 qt

172 4694 287 4758 diderat,
298 4691 410 4746 interius
417 4691 529 4761 planxit,
541 4695 645 4759 quanto
655 4707 711 4761 prce
722 4690 816 4744 dolore
829 4690 914 4745 nimio
928 4707 983 4744 nou
995 4691 1086 4760 potuit
1098 4691 1229 4751 indicare
1239 4717 1307 4769 quo«
