3142 5392
374 353 465 406 aroc.
492 351 574 404 aro.
601 348 773 402 nanneno.
801 370 848 380 —
875 348 955 401 ooo.
981 335 1019 400 u⁰
1044 347 1152 401 er-roo.
1332 329 1379 402 35

323 540 497 607 constitutis
519 539 591 605 talis
614 539 656 603 ab
682 539 728 604 eis
751 542 919 604 emanaret
932 538 1123 621 impiissima
1135 538 1238 622 jussio
1260 542 1379 605 utnon

324 644 405 706 esset
418 640 532 704 civitas
553 643 610 703 aut
632 638 723 702 vicus
742 638 799 702 ubi
812 657 878 703 non
903 637 1026 702 idolum
1041 638 1226 720 erigeretur.
1240 639 1379 704 Sanctus

324 743 429 804 autem
457 737 546 801 Felix
563 737 605 801 de
630 735 812 802 Seislatana
836 736 965 801 civitate
977 736 1132 801 oriundus
1147 736 1216 801 fuit.
1240 736 1379 820 Contigit

323 843 428 904 autem
438 857 515 901 eum
530 836 717 901 Caesaream
731 835 894 900 civitatem
905 855 1040 918 pergere
1056 855 1130 918 quae
1154 841 1204 901 est
1225 835 1258 899 in
1272 837 1379 903 littore

322 936 519 1003 llauritaniae
544 936 598 999 ubi
611 933 774 1017 sapientes
796 934 912 999 studiis
933 938 1032 1017 atque
1056 934 1241 999 liberalibus
1263 934 1378 1001 litteris

323 1036 497 1112 vacabant;
512 1053 612 1116 seque
628 1035 674 1097 eis
689 1033 868 1116 adjungens
880 1033 1034 1098 studebat
1044 1039 1080 1098 ut
1092 1033 1264 1115 perfectior
1278 1054 1379 1117 appa-

321 1139 402 1199 reret
418 1134 551 1199 cunctis.
567 1132 652 1196 lllieo
672 1132 919 1196 advenientibus
933 1132 1089 1196 classibus
1103 1133 1236 1196 navium
1249 1134 1379 1198 nuntia-

322 1239 369 1299 tur
382 1234 411 1299 ei
430 1254 469 1299 eo
492 1233 581 1317 quod
596 1232 779 1297 christianis
795 1235 906 1296 exorta
921 1235 1007 1296 esset
1028 1232 1135 1314 gravis
1149 1233 1331 1315 persecutio
1347 1234 1379 1299 in

323 1334 406 1398 omni
427 1334 547 1398 littore.
572 1332 616 1396 At
637 1331 689 1396 ille
710 1332 782 1396 baec
796 1331 942 1410 audiens
956 1331 1066 1395 omnia
1087 1331 1251 1396 volumina
1272 1333 1379 1414 legum

322 1453 420 1515 quae...

231 1537 303 1599 Num.
316 1549 336 1612 1,
347 1548 558 1601 Baroolunener’a
568 1548 678 1613 contigit
688 1547 764 1599 littus
772 1561 821 1614 pro
830 1547 859 1598 in
869 1546 1094 1599 Barcinoneneem
1103 1547 1235 1614 oppidoue
1243 1555 1281 1601 eat
1289 1550 1380 1602 cirita·

250 1650 323 1711 tem‚·
332 1663 378 1716 pro
395 1649 428 1699 de
439 1647 596 1699 barcinona
609 1646 646 1698 ad
662 1646 835 1713 Empurircs,
853 1643 881 1696 in
899 1644 959 1697 cod.
972 1646 1004 1697 dc
1015 1645 1163 1698 Barcilona
1175 1649 1205 1699 in
1216 1647 1379 1701 Puritanom

246 1745 399 1810 civitatem
411 1760 487 1797 nuru.
499 1744 523 1803 3,
540 1759 590 1813 pro
609 1746 638 1796 in
658 1745 792 1797 Ilerdener'
805 1744 910 1796 civitate
930 1746 1062 1809 rueceent,
1077 1742 1105 1796 in
1117 1744 1176 1798 cod.
1189 1747 1300 1799 contulit
1310 1763 1338 1800 re
1350 1750 1379 1800 r'n

243 1841 453 1897 Gerundenaem
462 1845 601 1896 civitatem.
614 1840 694 1895 Num.
703 1840 810 1905 ultimo,
822 1844 885 1909 post
893 1856 953 1895 cum
961 1842 1174 1908 provincialibus
1184 1843 1252 1896 inito
1268 1846 1380 1897 ceordic

237 1938 493 2005 definiriitacod.:

268 2035 323 2102 Ut
344 2037 484 2103 loculum
506 2036 539 2100 in
564 2039 676 2100 nostro
703 2034 830 2116 navigio
846 2034 1092 2116 deportaremus
1117 2034 1160 2098 ad
1177 2035 1318 2118 propria.
1340 2038 1380 2103 Et

322 2136 461 2202 cumdio
476 2154 496 2199 a
509 2134 604 2199 nobis
615 2133 728 2198 fuisset
739 2138 933 2216 pernoctans
945 2133 1057 2210 oratio¹
1072 2137 1109 2198 ut
1123 2153 1158 2197 se
1170 2134 1381 2200 habettribu-

322 2232 394 2297 tatio
410 2230 676 2307 obdormivimus
692 2233 725 2294 et
740 2229 955 2314 expergefacti
969 2249 1035 2293 non
1049 2229 1231 2295 invenimus
1253 2223 1379 2314 corpus.

323 2330 367 2394 lix
391 2331 531 2394 adverso
555 2328 641 2398 enim
668 2327 825 2391 coenaeuli
850 2327 1002 2409 quaedam
1017 2327 1207 2392 fidelissima
1230 2334 1381 2396 matrona

322 2448 429 2493 amore
437 2428 512 2492 fidei
523 2427 667 2491 etsancti
674 2427 826 2509 martyris
834 2425 995 2490 desiderio
1003 2426 1303 2508 gliscens‚sanetum
1311 2448 1380 2494 cor-

320 2547 376 2609 pus
392 2528 481 2591 furtu
499 2525 630 2608 copioso
645 2523 787 2602 abstulit,
802 2543 900 2606 quem
914 2523 948 2587 in
961 2528 1172 2589 monumento
1186 2545 1245 2589 suo
1260 2525 1381 2608 dignis·

321 2625 399 2689 sime
415 2624 562 2707 sepelivit
577 2643 615 2687 ac
630 2622 799 2687 basilicam
821 2622 944 2686 nomini
964 2626 1077 2687 sancto
1092 2623 1240 2688 titulavit.
1258 2625 1295 2688 ln
1316 2645 1380 2708 quo

322 2724 388 2788 loco
400 2727 493 2788 tanta
508 2721 637 2787 Domini
651 2721 752 2786 nostri
763 2721 840 2785 lesu
856 2719 972 2786 Christi
979 2721 1135 2787 miracula
1146 2722 1326 2788 exuberant
1340 2725 1383 2789 ad

320 2821 450 2886 laudern
468 2821 608 2886 nominis
624 2820 693 2903 ejus
708 2825 745 2884 ut
759 2820 955 2902 quicumque
979 2819 1034 2902 pio
1059 2820 1220 2885 desiderio
1243 2825 1276 2886 et
1295 2821 1383 2887 fideli

319 2925 391 2985 voto
421 2919 592 2985 advenerit
622 2919 734 3002 ibique
759 2918 935 2982 Dominum
959 2938 1019 3000 per
1043 2919 1271 2985 beatissimum
1293 2940 1382 2985 mar·

321 3022 423 3102 tyrem
446 3018 638 3096 exoraverit,
654 3035 861 3100 quacumque
886 3016 1073 3082 infirmitate
1103 3018 1155 3082 vel
1179 3019 1382 3085 inimicorum

321 3117 526 3183 infestatione
547 3136 723 3199 oppressus
751 3115 861 3180 invicti
889 3116 1041 3199 martyris
1069 3116 1225 3182 liberetur
1253 3119 1382 3184 auxilio.

320 3217 403 3281 Nam
413 3217 620 3281 etdaemones
633 3235 673 3279 ex
683 3215 825 3279 obsessis
838 3215 1026 3296 corporibus
1038 3215 1197 3297 mugitum
1207 3217 1382 3283 reddentes

320 3315 489 3398 solidaque
511 3314 661 3378 membra
685 3333 745 3395 per
777 3332 855 3377 aera
889 3313 1127 3394 suspendentes
1154 3314 1314 3397 fugantur,
1350 3321 1382 3382 et

320 3415 465 3479 omnium
487 3413 632 3477 frdelium
647 3411 777 3476 devotio
802 3411 984 3493 suscipitur.
999 3411 1130 3494 Populis
1155 3433 1233 3478 vero
1255 3414 1288 3478 in
1312 3414 1381 3497 ejus

319 3512 495 3579 venerabili
521 3511 573 3576 die
590 3529 618 3603 'e
643 3510 771 3574 diverso
797 3510 1033 3575 confluentibus
1059 3510 1241 3576 festivitatis
1263 3513 1382 3594 gaudia

320 3611 543 3693 decuplantur.
557 3609 624 3674 Nos
646 3628 723 3674 vero
743 3608 784 3673 de
810 3628 924 3673 cruore
946 3608 1112 3690 sanguinis
1134 3609 1203 3692 ejus
1227 3611 1381 3694 reliquias

319 3710 489 3775 nobiscum
500 3708 675 3773 detulimus
685 3727 752 3772 una
767 3727 842 3772 cum
853 3707 922 3790 ejus
932 3707 1098 3786 Passione
1113 3709 1233 3790 gratias
1248 3714 1380 3793 agentes

320 3809 459 3875 Domino
480 3811 591 3872 nostro
604 3807 681 3871 lesu
696 3805 834 3884 Christo,
846 3807 902 3888 qui
914 3807 1080 3870 coronavit
1092 3811 1271 3890 martyrem
1285 3829 1380 3873 suum

319 3908 515 3990 perbonam
529 3905 776 3970 confessionem.
791 3904 856 3986 lpsi
865 3905 969 3969 honor
984 3909 1016 3969 et
1031 3905 1131 3987 gloria
1144 3925 1297 3971 unacum
1311 3908 1380 3982 Deo

319 4006 416 4071 Patre
431 4008 464 4069 et
478 4004 600 4087 Spiritu
610 4008 723 4068 sancto
738 4003 771 4068 in
784 4003 894 4068 secula
907 4003 1099 4068 seculorum.
1114 4004 1230 4070 Amen.

264 4123 319 4197 62⁰
333 4123 464 4198 Passio
480 4123 516 4196 S.
526 4122 704 4216 Stephani
718 4144 824 4215 papae
837 4127 874 4195 et
888 4121 1062 4214 martyris
1075 4123 1153 4215 (fol.
1167 4124 1379 4216 lior-itit).

173 4220 274 4306 mita
287 4253 314 4309 n
334 4255 395 4308 Aa.
405 4254 462 4319 ss,
477 4252 512 4306 aa
525 4253 551 4306 u.
563 4251 710 4322 aalma,
719 4256 786 4306 tom.
798 4251 817 4315 1,
826 4269 852 4321 p.
863 4251 1132 4306 laetu-unna
1143 4252 1251 4321 phrasis
1262 4269 1336 4309 num.
1350 4255 1378 4310 n

148 4319 271 4404 affin
280 4370 337 4408 vero
349 4352 540 4416 Nomentum...)
553 4367 608 4405 om.
620 4350 649 4405 in
657 4351 716 4405 cod.

261 4453 318 4528 630
335 4454 389 4527 De
405 4450 626 4527 revelatione
647 4451 711 4526 SS.
733 4449 910 4544 Stephani
929 4450 1248 4545 prothomartyris,
1275 4453 1380 4529 Nico-

302 4567 412 4660 demi,
429 4565 641 4642 Gamatielis
657 4571 768 4660 atque
783 4565 929 4640 Abibon
947 4566 1024 4660 (fol.
1045 4567 1257 4661 lev-man.

175 4661 631 4769 ¹¹1itaapudblornbritinuqtona
648 4696 680 4751 lL
700 4695 803 4751 —Sed
820 4695 872 4751 sub
888 4695 972 4784 finem
992 4698 1028 4767 (p.
1039 4697 1063 4763 3,
1075 4696 1126 4753 col.
1137 4697 1173 4765 Ξ),
1182 4702 1245 4767 post
1250 4701 1383 4768 moabia
