3248 5392
334 326 427 378 BIBL.
443 326 525 379 ΗΒΕ.
542 326 714 380 Bnuxubb.
733 349 780 359 -
798 328 945 381 ΔΡΡΕΝῙ).
964 330 1011 381 ΑΙ)
1027 330 1108 384 COD.
1126 322 1164 383 Νο
1179 330 1306 385 teet-tl.
1363 313 1436 385 375

204 510 277 566 dum
289 517 383 583 surgat
397 515 433 569 ad
444 515 656 570 celebrationem
667 517 743 571 borae
754 517 902 587 sequentis.
913 518 948 571 Et
964 523 1006 573 est
1023 520 1165 574 sciendum
1178 521 1261 576 etiam
1273 523 1349 591 quod
1367 538 1436 577 nnn·

204 626 294 679 quam
307 614 499 680 communicat,
508 615 561 669 nisi
570 616 771 670 contessionem
784 616 867 670 iaciat
878 622 943 670 ante
955 617 1077 672 missam.

250 710 311 768 21.
338 711 404 777 Quae
417 714 524 782 quidem
538 713 683 777 coniemIo,
694 719 725 766 ut
736 729 753 765 a
765 712 893 782 praedicto
905 714 1005 767 abbate
1017 715 1060 767 cui
1072 715 1197 770 conlileri
1209 717 1268 786 ipsa
1285 719 1434 781 consuerit,

205 809 311 876 audiri,
322 809 409 879 magis
421 810 509 864 laudis
521 827 603 879 quam
613 810 801 864 criminisessc
811 809 1049 865 circinationem
1062 816 1154 865 lamen
1164 813 1280 882 seipsam
1290 814 1379 883 arguit
1387 831 1435 883 pro

169 921 190 970 a
206 909 329 978 eoquod
342 925 396 963 non
409 911 447 964 ita
459 910 579 978 persistit
591 909 618 962 in
628 909 754 963 laudibus
762 908 912 962 Salvatoris
920 915 948 962 et
956 910 1104 978 gratiarum
1113 912 1268 966 actionibus
1278 918 1308 967 ut
1317 913 1436 967 deberet.

207 1007 279 1062 item
291 1025 373 1077 super
384 1025 416 1063 eo
428 1010 502 1077 quod
513 1010 688 1077 quandoque,
700 1014 731 1062 ut
742 1009 828 1072 timet,
840 1008 901 1077 plus
913 1009 1005 1063 debito
1017 1010 1194 1064 contristatur
1205 1028 1287 1080 super
1295 1012 1436 1081 ingratitu-

207 1106 275 1161 dine
291 1114 319 1162 et
334 1108 510 1162 damnatione
528 1109 642 1162 humani
663 1108 777 1176 generis,
794 1108 859 1176 quia
876 1108 1003 1161 homines
1021 1109 1170 1163 Dominicoe
1188 1111 1323 1179 passionis
1341 1116 1436 1165 elsuae

207 1206 369 1260 salvationis
381 1207 513 1261 beneficia
525 1224 580 1261 non
589 1212 749 1276 agnoscunt

250 1303 310 1362 22.
335 1305 428 1367 Porro,
441 1305 507 1373 quia
527 1305 560 1357 de
581 1303 752 1358 confessione
773 1305 888 1358 ierimus
907 1304 1084 1369 mentionem,
1105 1304 1173 1358 scire
1193 1304 1320 1359 volumus
1337 1289 1435 1361 ‘audire

161 1412 191 1461 lo
207 1405 334 1460 volentes
345 1403 419 1473 quod
431 1402 582 1456 servientes
599 1401 692 1463 nostri,
709 1400 837 1455 videlieet
853 1402 958 1470 pedites
976 1401 1023 1470 qui
1041 1402 1197 1455 custodiunt
1217 1419 1303 1471 equos
1320 1408 1435 1466 nostros,

208 1501 296 1564 semel
307 1501 478 1564 assistebant,
490 1501 645 1553 orationum
658 1515 770 1553 suarum
789 1500 918 1566 suffragia
930 1499 1048 1568 petituri.
1061 1498 1137 1553 Tunc
1153 1515 1224 1553 unus
1242 1515 1275 1553 ex
1288 1500 1335 1564 eis,
1346 1500 1435 1554 Theu-

208 1600 318 1655 tonicus
327 1616 375 1653 seu
384 1598 575 1660 Brabnntinus,
585 1597 633 1666 qui
642 1602 757 1651 noverat
765 1597 884 1666 linguam
894 1598 961 1664 ejus,
969 1597 1047 1651 lieris
1053 1598 1168 1667 genibus
1175 1598 1338 1667 supplicavit
1346 1598 1435 1653 eidem

208 1704 241 1754 nt
249 1716 299 1767 pro
309 1699 367 1769 ipso
376 1703 403 1752 et
415 1697 497 1751 sociis
507 1697 698 1751 assistentibus
710 1695 857 1750 Dominum
870 1701 1033 1765 precaretur.
1045 1697 1122 1750 'lunc
1133 1697 1178 1750 illa
1187 1698 1342 1766 respondit:
1353 1699 1384 1752 Si
1393 1716 1436 1753 ooo

207 1800 292 1853 vultis
301 1801 466 1867 acquiescere
474 1799 586 1851 caecilio
597 1814 660 1859 meo,
672 1798 783 1849 libenter
794 1797 876 1849 orabo
884 1813 938 1864 pro
950 1797 1030 1849 bobia.
1040 1796 1144 1862 Quibus
1153 1796 1206 1850 hoc
1214 1797 1436 1865 promittentibus

161 1904 191 1954 to
207 1913 239 1951 se
251 1897 381 1960 tacturos,
393 1897 485 1949 statim
504 1895 550 1949 illa
565 1894 724 1961 subjunxit:
739 1896 908 1961 Confitemini
918 1911 980 1960 erpo
990 1903 1097 1962 peccota
1113 1904 1201 1949 oestro
1222 1904 1247 1950 et
1263 1899 1334 1964 cpite
1348 1900 1435 1964 poeni·

208 2000 338 2051 tentiam:
355 2005 378 2049 et
389 1997 501 2049 libenter
517 1996 600 2048 orabo
607 2011 661 2063 pro
673 1995 753 2047 cobis.
771 1995 902 2062 Alioquin
921 1995 953 2046 de
969 1995 1017 2047 boc
1029 2012 1068 2047 me
1080 2011 1133 2047 non
1146 1997 1357 2055 intromitterem,
1369 1998 1435 2064 quia

208 2097 363 2149 laborarem
372 2098 401 2147 in
413 2111 521 2147 ranam
534 2094 601 2147 Cum
612 2109 677 2146 uero
687 2091 842 2161 diligentius
853 2092 1006 2145 intueretur
1017 2093 1136 2155 cosdem,
1145 2108 1230 2146 unum
1242 2109 1276 2146 ex
1288 2093 1336 2157 eis,
1346 2093 1435 2160 junio·

208 2209 279 2260 rem,
290 2193 440 2262 simplicem
450 2197 477 2245 et
488 2191 554 2245 satis
567 2191 716 2260 elegantem
726 2196 754 2244 ct
766 2191 843 2245 bonae
853 2190 951 2244 indolis
959 2191 1169 2257 adolescentem,
1178 2192 1242 2244 iecit
1251 2192 1285 2245 ad
1295 2208 1324 2245 se
1334 2192 1435 2260 specia-

208 2291 273 2345 liter
283 2291 416 2355 accersiri,
428 2296 456 2344 et
466 2291 518 2359 ipsi
530 2307 578 2359 per
589 2291 765 2358 interpretem
785 2289 838 2342 dici
859 2289 922 2342 iecit
933 2294 964 2342 ut
982 2305 1064 2357 quam
1085 2289 1164 2343 citius
1183 2295 1275 2358 posset
1286 2306 1434 2344 conversus

161 2397 190 2447 Ιο
207 2388 472 2446 fieretGlarserallis,
490 2388 534 2441 rel
550 2388 662 2441 alterius
681 2388 780 2441 domus
797 2386 905 2441 Ordinis
923 2387 1016 2449 nostri,
1029 2387 1057 2440 in
1075 2404 1128 2456 qua
1146 2405 1201 2441 suae
1219 2389 1434 2443 conversationis

208 2487 302 2542 locum
322 2486 444 2541 invenire
465 2486 575 2540 valeret.
599 2487 632 2540 El
650 2486 702 2539 hoc
720 2485 771 2555 ipsi
787 2485 877 2539 modis
894 2485 1023 2539 omnibus
1039 2486 1206 2540 consulebat.
1219 2487 1303 2554 Cujus
1319 2488 1432 2543 consilio

209 2587 284 2641 idem
297 2588 455 2641 adolescens
466 2587 583 2640 libenter
593 2585 765 2654 acquiescere
783 2601 813 2638 se
824 2584 956 2654 promisit
969 2584 1049 2651 Quod
1066 2589 1094 2639 et
1111 2584 1212 2639 iactum
1225 2590 1284 2639 est:
1301 2585 1433 2655 quianon

209 2686 298 2740 mullo
307 2692 375 2754 post,
387 2687 422 2739 ad
433 2701 527 2755 preces
539 2685 622 2753 ipsius
631 2684 735 2752 puella,
747 2684 873 2737 eumdem
883 2688 997 2752 pueium
1008 2683 1133 2737 misimus
1142 2684 1177 2737 ad
1187 2685 1299 2739 domum
1311 2691 1430 2739 nostram

208 2788 238 2838 el
259 2800 321 2837 eum
343 2783 457 2836 lecimus
475 2798 668 2836 conversorum
689 2786 845 2836 nostrorum
866 2782 979 2850 collegio
999 2782 1106 2836 sociari.
1128 2783 1197 2837 Cum
1221 2799 1286 2836 vero
1307 2784 1433 2853 praelatus

161 2888 192 2939 aa
208 2883 305 2945 abbas,
316 2883 438 2950 ejusdem
451 2882 562 2950 virginis
574 2882 728 2950 gordianus,
741 2881 776 2934 ab
793 2881 852 2950 ipsa
868 2886 973 2949 peteret
991 2897 1036 2935 me
1054 2886 1186 2950 praesente
1199 2899 1283 2951 quare
1303 2884 1430 2937 eumdem

166 3018 169 3023 ·
208 2999 323 3051 puerum
346 2983 416 3035 inter
436 2985 541 3035 ceteros
560 2981 684 3050 elegisset
701 2973 729 3034 el
744 2981 778 3033 ad
790 2980 941 3049 ingressum
955 2979 1065 3034 Ordinis
1077 2980 1226 3045 invitasset,
1235 2982 1314 3049 juxta
1325 2998 1431 3037 morem

207 3097 289 3134 suum
302 3080 418 3149 benique
430 3085 457 3133 et
468 3080 634 3134 subridendo
647 3079 786 3148 respondit
797 3078 927 3148 quoniam
940 3079 1029 3148 ipsum
1042 3079 1070 3132 in
1082 3084 1155 3133 statu
1167 3080 1360 3135 salvandorum
1374 3097 1434 3135 esse

208 3185 383 3250 cognoverat,
395 3185 430 3246 et,
441 3179 464 3232 si
478 3185 541 3233 tunc
558 3179 717 3242 discederet,
729 3179 783 3232 cito
795 3179 847 3232 sibi
868 3183 973 3246 pateret
991 3177 1084 3245 patriae
1103 3179 1219 3232 coeleslis
1237 3179 1383 3248 ingressus.
1401 3182 1434 3235 Et

208 3285 319 3349 propter
330 3279 382 3332 hoc
395 3277 568 3331 desiderabat
579 3277 702 3343 eiusdem
718 3276 794 3345 pueri
806 3281 908 3329 statum
916 3275 1054 3344 religionis
1061 3276 1182 3330 remedio
1190 3277 1432 3346 et¹religiosorum

161 3377 348 3430 eommunia
365 3376 496 3429 roborari.
510 3377 548 3429 De
566 3376 663 3430 eodem
683 3391 767 3443 puero
779 3380 874 3443 postea
892 3379 1061 3442 compertum
1083 3375 1215 3442 estquod
1233 3375 1433 3444 frequentaret

208 3473 352 3544 diligenter
363 3475 397 3528 ad
410 3474 590 3528 confessionis
610 3475 761 3527 remedium
780 3473 943 3533 recurrebat,
955 3477 983 3525 et
994 3471 1238 3540 quotienscumque
1250 3477 1357 3541 poterat
1368 3472 1432 3525 mis-

208 3589 301 3627 sarum
314 3574 454 3627 solemniis
466 3574 581 3627 devotus
592 3574 687 3627 adorat
698 3577 725 3626 et
736 3573 865 3626 intentus.
877 3572 909 3624 In
920 3570 1094 3639 simplicitate
1103 3575 1195 3624 autem
1205 3575 1232 3623 et
1244 3570 1398 3624 obedientia
1406 3576 1433 3625 et

209 3673 365 3727 innocentia
376 3672 466 3726 socios
477 3688 550 3731 suos,
562 3677 643 3741 prout
661 3671 792 3740 perpendi
810 3675 924 3739 poterat,
942 3669 1101 3727 excellebat
1119 3668 1211 3722 Tertia
1225 3686 1288 3723 rero
1302 3670 1346 3723 die
1359 3674 1432 3738 post·

208 3787 292 3840 qnam
316 3771 376 3824 haec
397 3776 506 3840 peracta
525 3776 596 3835 sunt,
609 3772 737 3840 praelatus
756 3786 824 3839 puer
841 3768 1029 3823 Theutonicus
1045 3769 1093 3836 qui
1113 3784 1210 3837 prose
1231 3773 1258 3821 et
1277 3768 1360 3821 sociis
1376 3767 1433 3822 suis

161 3870 192 3921 lb
208 3869 348 3924 orationes
360 3869 469 3938 virgiuis
480 3868 672 3938 postulaverat,
685 3868 782 3922 iterum
796 3867 914 3920 visitavit
926 3867 1060 3919 eamdem.
1072 3865 1138 3931 Quae
1150 3864 1243 3918 mullis
1255 3864 1432 3933 praesentibus

209 3967 307 4036 inipso
318 3973 458 4022 momento
470 3984 525 4036 quo
538 3984 601 4021 eum
614 3968 706 4021 ridere
718 3966 806 4036 coepit,
819 3967 845 4019 in
857 3964 1017 4032 hujusmodi
1027 3964 1109 4017 verba
1122 3964 1261 4032 prorupit:
1274 3965 1371 4017 Adbuc
1379 3981 1432 4018 non

209 4084 237 4120 es
245 4070 389 4133 consessus.
399 4069 484 4121 Stulte
492 4069 577 4134 epistt,
586 4069 651 4135 quio
660 4061 780 4133 confiteri
787 4067 919 4119 detrectes.
931 4066 1022 4129 Quare
1031 4065 1147 4129 differs?
1155 4063 1246 4128 Quare
1254 4064 1433 4116 disoinmlos?

210 4167 343 4219 Inirnicne
351 4168 467 4219 collidus
479 4174 525 4228 est,
537 4174 560 4219 et
569 4169 681 4232 r'pnoras
691 4167 838 4218 articulum
847 4167 942 4217 mortis
951 4171 1009 4216 tna.
1022 4161 1058 4216 m
1069 4161 1115 4215 ille
1126 4161 1226 4216 rubore
1237 4161 1358 4214 suliusus
1369 4159 1432 4214 inde

209 4263 327 4317 recessit.
339 4264 373 4317 El
380 4262 504 4331 sequenti
514 4262 557 4316 die
569 4262 597 4315 in
608 4261 718 4315 civitate
729 4261 872 4315 Leodiensi
885 4260 1025 4315 confessus
1037 4264 1077 4313 est
1089 4258 1198 4312 cuidam
1211 4257 1288 4311 tratri
1300 4258 1347 4327 qui
1356 4262 1432 4327 pote·

161 4363 191 4417 lo
207 4366 308 4415 statem
325 4362 426 4415 summi
442 4361 582 4415 Pontificis
601 4360 742 4414 dicebatur
753 4360 864 4422 habere,
877 4363 904 4412 el
915 4358 1059 4412 absolutus
1076 4363 1118 4411 ost
1134 4357 1170 4410 ab
1189 4373 1231 4419 eo,
1249 4360 1280 4410 ul
1296 4361 1358 4425 post
1373 4356 1433 4410 haec

208 4461 325 4515 asseruit
345 4461 417 4515 idem
437 4477 511 4530 puer.
532 4460 597 4517 Haec
616 4465 709 4513 autem
729 4459 837 4528 publice
858 4458 929 4512 iacta
948 4462 1013 4512 sunt
1030 4461 1058 4511 et
1071 4457 1099 4510 in
1117 4455 1225 4511 occulto
1237 4455 1321 4519 nihil;
1333 4460 1432 4525 etquis

209 4560 338 4623 vidimus,
350 4559 408 4613 haec
420 4563 560 4613 testamur.

244 4724 253 4758 ¹
266 4722 351 4791 (relig.
364 4738 429 4776 rem.
441 4724 479 4788 el)
491 4723 554 4775 odd.
566 4738 599 4775 ea
607 4722 652 4786 10·
663 4721 734 4774 deest
745 4723 775 4773 in
785 4721 818 4772 B.
