3248 5392
316 339 408 397 nunu.
433 340 514 397 aaa.
539 343 711 398 namna.
740 365 787 378 -
812 345 959 400 anenno.
985 347 1033 399 an
1058 348 1137 401 con.
1164 339 1203 400 n⁰
1229 348 1289 402 set.
1346 328 1418 404 165

187 525 326 582 definiret.
334 528 434 598 llartyr
441 547 507 586 vero
515 532 546 586 in
554 533 609 587 ima
621 534 738 589 carceris
750 522 916 590 constitutus
924 539 952 590 et
963 550 980 589 a
991 535 1092 590 sanctis
1101 535 1167 590 viris
1175 536 1211 591 ad
1222 552 1338 607 agonem
1347 554 1418 592 mar-

186 626 253 693 tyrii
267 627 437 684 confortatus
442 629 476 684 fit
486 631 638 701 promptior
646 632 683 686 ad
691 632 791 698 lutura,
800 633 1000 703 parvipendens
1011 634 1156 704 praeterita.

230 723 267 780 4.
287 724 349 780 lion
359 726 441 796 longo
450 732 512 797 post
528 727 573 783 die
588 728 737 783 constituto
747 729 885 785 Fabianus
899 731 998 785 sedens
1008 732 1038 785 in
1046 731 1251 801 amphitheatro
1263 732 1344 800 jussit
1352 732 1419 787 edu·

186 826 296 877 ctnma
312 838 420 878 earcere
431 828 556 879 sanctum
568 824 658 881 virum
670 824 722 879 sihi
733 825 930 895 repraesentari,
946 825 1047 896 populo
1066 827 1274 891 circumstante;
1292 827 1336 883 cui
1353 844 1419 883 mox

161 926 168 974 t
185 921 300 985 astanti,
309 920 423 988 iubente
433 920 563 986 Fabiano,
575 921 630 975 duo
640 921 735 977 leones
751 927 816 977 sunt
833 923 957 978 immissi.
968 923 1022 991 Qui
1034 924 1174 978 venientes
1186 925 1305 990 adeum,
1318 925 1420 980 innatas

185 1017 307 1072 imitatis
320 1018 398 1074 obliti
414 1019 483 1074 iram
500 1025 610 1075 mutant
628 1021 657 1075 in
667 1020 836 1087 blanditiem,
856 1022 895 1076 nil
913 1022 973 1077 ausi
993 1027 1118 1077 sanctum
1139 1023 1189 1078 Dei
1206 1027 1325 1093 tangere.
1338 1023 1419 1091 Quod

185 1116 284 1187 populi
293 1117 424 1183 ridentes,
436 1119 540 1173 clamor
547 1119 643 1189 ingens
654 1120 793 1175 extollitur
804 1120 897 1176 dicens
908 1140 915 1175 r
932 1123 999 1175 Vere
1007 1139 1122 1190 muyans
1130 1131 1169 1176 est
1177 1124 1251 1177 Dan
1259 1124 1419 1178 christiano

186 1232 263 1282 runc,
272 1220 300 1270 et
307 1216 361 1271 hoc
372 1218 401 1272 in
409 1221 516 1273 mutum
525 1217 635 1283 iterans,
643 1223 674 1274 ut
682 1235 739 1274 non
747 1219 855 1274 modica
864 1219 962 1275 seditio
970 1219 1200 1290 lieretinpopulo.
1208 1221 1346 1276 Fabianus
1354 1237 1418 1291 ergo

186 1328 238 1367 cor
249 1313 391 1369 beluinum
403 1331 500 1385 gerens
510 1332 543 1370 ac
554 1316 724 1372 omnibelua
735 1318 878 1384 cmdelius,
887 1318 987 1372 iterum
996 1318 1097 1372 Christi
1105 1319 1220 1374 militem
1228 1319 1309 1387 iussit
1319 1320 1347 1375 in
1356 1336 1419 1389 pro·

161 1423 165 1466 t
184 1410 436 1475 tundioracarceris
443 1415 552 1480 retrudi,
561 1431 728 1486 omnemque
736 1416 840 1470 victum
848 1417 901 1470 sihi
910 1417 1043 1481 subtrahi,
1050 1433 1105 1486 quo
1114 1417 1188 1471 fame
1200 1417 1329 1474 deficeret
1341 1418 1418 1485 inibi,

185 1508 227 1564 nil
235 1509 329 1565 minus
339 1511 448 1581 impius,
456 1513 482 1568 ei
491 1512 588 1568 nolens
597 1513 640 1568 vel
648 1530 698 1583 pro
707 1513 879 1568 humanitate
887 1531 1006 1584 parcere,
1016 1531 1098 1584 quem
1107 1514 1202 1570 leones
1210 1516 1315 1570 scilicet
1326 1516 1417 1570 immi-

184 1609 231 1662 tes
241 1608 337 1663 bestiae
347 1612 498 1680 postposita
506 1612 614 1667 feritate
623 1611 702 1667 veriti
714 1617 778 1666 sunt
786 1612 830 1666 vel
842 1617 961 1681 tangere.
979 1613 1094 1667 Sanctus
1105 1618 1198 1668 autem
1208 1614 1358 1669 Pontianus
1370 1631 1419 1684 per

183 1724 289 1763 manus
308 1709 466 1764 carnificum
485 1711 613 1765 reductus
632 1711 668 1765 ud
688 1727 832 1771 carcerem.
843 1711 952 1765 Christo
969 1711 1069 1781 gratias
1086 1712 1186 1776 retulit,
1198 1713 1272 1782 quod
1290 1730 1339 1783 pro
1359 1716 1418 1783 eius

184 1808 302 1863 nomine
313 1808 439 1876 ludibria,
450 1811 573 1877 verbera,
584 1811 693 1865 vincula
709 1815 860 1866 mereretur
870 1811 982 1880 perpeti.
996 1812 1058 1865 llox
1071 1815 1193 1866 retrusus
1204 1811 1304 1867 Christi
1318 1815 1418 1883 gaudet

161 1913 167 1959 t
185 1907 286 1963 adesse
297 1909 411 1977 qratiam
421 1927 429 1963 ε
440 1909 488 1978 qui
504 1925 561 1964 non
578 1909 681 1964 deserit
695 1924 891 1979 usquequaque
907 1913 1047 1978 sperantes
1064 1909 1093 1963 in
1110 1925 1148 1974 se,
1160 1925 1270 1966 servum
1288 1927 1369 1967 suum
1379 1913 1417 1967 ibi

186 2021 241 2060 nec
253 2005 287 2060 ad
297 2007 394 2062 horam
405 2008 548 2078 penuriam
557 2009 646 2063 carnis
657 2009 759 2063 sentire
769 2009 876 2080 patitur.
886 2008 955 2063 Nam
967 2009 1004 2064 ab
1015 2009 1111 2078 angelo
1121 2009 1237 2064 bissenis
1249 2010 1345 2065 diebus
1354 2028 1417 2066 con·

185 2103 314 2171 iormtns,
329 2105 443 2175 eiusque
457 2122 523 2161 rasus
534 2106 679 2176 colloquio,
691 2106 845 2161 caelestibus
860 2106 942 2161 alitur
954 2107 1050 2176 epulis.

229 2200 264 2259 ὅ.
286 2202 440 2256 Transactis
460 2208 552 2257 autem
567 2203 711 2257 duodecim
730 2203 834 2268 diebus,
851 2202 988 2257 Fabianus
1006 2208 1098 2257 antem
1116 2203 1243 2258 minister
1258 2202 1361 2258 diaboli
1378 2203 1416 2258 nil

185 2299 289 2355 dubius
305 2316 369 2355 eum
378 2300 436 2369 jam
447 2299 571 2353 ciborum
589 2298 682 2369 inopia
698 2299 902 2364 defecissemus
920 2299 1046 2369 praecepit
1057 2304 1088 2353 ut
1100 2300 1158 2367 eius
1170 2316 1296 2369 corpnsa
1309 2315 1417 2354 carcere

161 2413 166 2452 t
185 2398 327 2453 sublatum
341 2399 415 2452 foras
425 2397 596 2467 projicerent
607 2397 643 2451 ht
654 2397 693 2450 illi
704 2413 840 2452 carcerem
852 2396 1012 2466 aperientes,
1021 2412 1103 2465 quem
1121 2396 1250 2466 suspicati
1262 2401 1326 2451 sunt
1341 2397 1417 2450 inve·

186 2497 249 2552 nire
260 2501 409 2561 mortuum,
420 2497 584 2551 invenerunt
594 2495 674 2550 hilan
691 2496 769 2551 vultu
785 2495 946 2565 psallentem
963 2500 991 2550 et
1007 2495 1133 2551 laudibus
1150 2495 1249 2550 divinis
1264 2500 1417 2551 vacantem.

187 2595 245 2662 Qui
262 2595 361 2649 animis
372 2594 560 2664 obstupefacti,
572 2594 638 2665 quid
656 2595 760 2649 iactum
777 2600 819 2649 est
835 2595 992 2649 renuntiant
1006 2594 1101 2662 iudici.
1117 2594 1165 2648 llle
1183 2610 1248 2649 vero
1265 2599 1296 2649 ut
1312 2595 1417 2649 audivit

187 2710 253 2748 eum
261 2694 319 2762 jam
331 2675 596 2763 viserainseipsum
613 2694 654 2747 ira
672 2693 865 2758 inflammatur,
874 2693 977 2747 invidia
986 2693 1164 2758 consumitur,
1176 2693 1291 2747 tabescit
1299 2694 1415 2758 allectu;

186 2792 274 2860 pudet
285 2792 376 2847 vivere
388 2792 462 2862 quod
471 2792 521 2846 viri
534 2792 715 2846 constantiam
728 2796 847 2860 nequeat
859 2791 1002 2855 debellare,
1014 2792 1115 2847 Christi
1130 2807 1232 2846 nomen
1244 2797 1415 2861 extorquere,

161 2902 168 2950 t
185 2906 301 2946 suorum
319 2890 403 2945 cultui
421 2891 535 2945 deorum
555 2891 714 2959 hujusmodi
726 2895 807 2960 caput
818 2890 957 2944 inclinare.
969 2890 1093 2958 Praecipit
1102 2890 1174 2944 illico
1186 2891 1287 2944 lectum
1300 2891 1415 2960 proferri

186 2987 317 3052 ferreum,
334 2987 437 3042 scilicet
453 2987 481 3041 id
497 3004 583 3056 genus
600 2987 729 3041 tormenti
746 2986 847 3041 sanctis
868 2987 1034 3055 martyribus
1053 2986 1241 3040 inhumaniter
1259 2986 1381 3056 profanis
1398 3003 1415 3040 a

186 3085 361 3140 carnificibus
369 3087 561 3156 excogitatum.
573 3086 633 3154 Quo
646 3084 729 3140 allato
741 3085 841 3140 Christi
852 3085 968 3139 militem
982 3085 1109 3139 eductum
1122 3085 1242 3139 secundo
1255 3086 1288 3140 de
1305 3102 1414 3140 carcere

183 3184 264 3252 iubet
278 3184 477 3254 superextendi,
488 3183 687 3254 plumbumque
705 3184 870 3253 reliquatum
889 3183 971 3237 dorso
988 3183 1061 3237 illius
1079 3183 1193 3238 inlhndi.
1205 3183 1303 3253 Sicque
1315 3183 1414 3252 impius

185 3281 280 3351 impiis
290 3282 418 3337 manibus
435 3283 555 3337 hostiam
566 3283 625 3337 Deo
641 3287 779 3352 tamquam
795 3297 892 3335 aurum
905 3282 933 3335 in
944 3281 1055 3335 fornace
1068 3282 1141 3335 coxit
1153 3285 1353 3336 tormentorum
1363 3282 1414 3336 im-

161 3397 165 3440 t
185 3380 335 3445 manitate;
347 3396 398 3436 nec
408 3381 439 3436 in
449 3381 492 3435 his
506 3382 625 3436 vincitur
636 3381 763 3442 invictus,
772 3381 821 3435 sed
837 3385 914 3434 tanto
924 3379 1069 3448 jocundior
1080 3380 1111 3434 tit
1128 3396 1161 3433 ex
1173 3379 1332 3449 passionum
1344 3380 1414 3435 mul·

184 3478 292 3533 tiiormi
308 3495 415 3549 genere,
432 3483 535 3549 quanto
546 3478 647 3533 certior
663 3483 705 3533 est
719 3479 777 3547 jam
789 3494 900 3532 securus
919 3477 1039 3532 victoriae
1058 3478 1093 3531 de
1106 3477 1207 3533 Christi
1224 3477 1413 3547 promissione.

184 3576 279 3632 blanet
296 3578 393 3633 eadm
406 3594 492 3643 mens,
508 3577 611 3632 invicta
626 3577 703 3643 tides,
715 3577 819 3646 integra
829 3593 891 3646 spes
910 3576 971 3630 vitan
983 3592 1033 3630 nec
1052 3575 1150 3644 dubiae,
1162 3576 1265 3645 plumbi
1282 3576 1414 3630 ferventis

184 3691 237 3731 nec
246 3676 408 3731 horrescens
416 3676 581 3740 incendium.
591 3675 676 3730 Dolor
683 3675 774 3729 cordis
785 3675 874 3744 major
891 3679 932 3728 est
944 3675 972 3728 iu
981 3674 1081 3743 judice,
1090 3674 1156 3743 quia
1167 3690 1223 3728 non
1234 3679 1276 3729 est
1285 3674 1372 3729 victor
1384 3674 1412 3728 in

181 3778 312 3842 martyre,
327 3789 411 3841 quam
424 3773 583 3829 immanitas
594 3772 754 3842 passionum
766 3771 794 3825 in
811 3777 938 3839 martyre,
956 3770 1022 3840 quia
1038 3770 1128 3824 victor
1145 3775 1186 3824 est
1203 3771 1232 3825 in
1246 3771 1346 3839 judice.
1363 3771 1412 3826 His

161 3907 163 3924 .
180 3871 294 3925 taudem
302 3871 386 3940 iudex
397 3871 535 3937 confusus,
548 3869 710 3925 contusione
721 3869 826 3938 dunas,
835 3868 954 3922 dictante
967 3868 1078 3923 diabolo
1088 3868 1188 3923 Christi
1200 3868 1316 3924 militem
1331 3869 1413 3938 jussit

180 3968 275 4023 subire
286 3969 428 4039 capitalem
441 3969 614 4025 sententiam.

223 4065 258 4125 6.
277 4067 392 4122 Sanctus
407 4071 501 4120 autern
517 4065 669 4120 Pontianus
686 4062 794 4117 Christo
811 4063 912 4131 gratias
929 4062 1049 4117 referens
1067 4062 1143 4131 quod
1162 4078 1211 4132 pro
1229 4063 1288 4130 eius
1299 4063 1413 4119 nomine

180 4166 249 4220 talia
258 4181 291 4220 ac
303 4169 379 4219 muta
389 4163 445 4233 pati
455 4166 615 4226 mereretur,
625 4159 792 4229 tandemque
808 4158 933 4228 gloriosas
952 4158 1049 4212 mortis
1066 4159 1199 4227 martyrio
1218 4158 1411 4215 destinaretur.

180 4266 243 4321 lam
254 4262 453 4334 parvipendens
464 4260 601 4331 praeterita
612 4259 677 4314 dum
686 4258 786 4328 gaudet
793 4257 829 4311 ad
838 4257 944 4320 lutura,
954 4256 992 4310 nil
1001 4257 1083 4310 minae
1093 4256 1201 4325 judicis,
1212 4257 1251 4311 nil
1261 4274 1343 4328 poena
1352 4275 1412 4313 car·

161 4384 163 4413 t
180 4363 259 4427 ceris,
267 4361 306 4417 nil
317 4360 376 4415 dira
387 4360 509 4424 verbera,
517 4358 556 4414 nil
565 4358 715 4413 carbonum
726 4355 860 4422 incendia,
869 4355 907 4409 nil
918 4355 1029 4424 equulei
1040 4355 1185 4420 cmciatus,
1196 4355 1236 4410 nil
1246 4356 1409 4412 uncinorum

179 4465 303 4518 immane
319 4459 495 4521 carnificium,
506 4458 545 4512 nil
560 4456 654 4511 feritas
670 4454 790 4518 leonum,
808 4453 846 4508 nil
863 4453 977 4522 penuria
995 4453 1127 4513 ciborum,
1137 4454 1249 4508 tandem
1267 4455 1306 4509 nil
1323 4456 1409 4511 lectus

179 4557 503 4622 lerreusvehiuauditum
509 4571 595 4625 genus
603 4557 813 4616 tormentorum,
823 4551 954 4606 ferventis
962 4551 1067 4621 plumbi
1076 4551 1212 4607 acerbitas
1220 4552 1293 4608 valet
1302 4555 1411 4608 inmar-

178 4665 247 4729 tyre.
263 4657 368 4712 Tantus
384 4661 426 4711 est
442 4671 521 4710 amor
537 4653 637 4709 Christi
654 4668 702 4722 per
721 4667 805 4721 quem
821 4650 905 4705 armis
922 4650 1189 4719 inexsuperabilibus
1206 4651 1286 4707 tortis
1303 4652 1409 4708 athleta
