3142 5392
168 325 216 398 76
503 345 627 397 cursu.
653 344 756 397 cono.
784 343 1060 396 moroomrmc.

168 547 328 601 congressus
335 535 377 586 est
386 532 464 600 juxta
474 536 586 600 pontem
595 531 737 586 Molirium
744 531 795 585 Dei
803 530 948 598 adjutorio,
957 535 985 584 et
995 529 1100 599 potitus
1112 533 1155 584 est
1166 529 1275 606 victoria
1283 529 1356 586 oded

166 630 277 698 judicio,
289 629 317 684 in
328 630 440 684 flumine
451 635 548 684 necato
559 630 704 684 Maxentio.
716 630 811 698 ltaque
823 629 852 682 in
863 629 968 683 cunctis
979 628 1029 681 Dei
1038 628 1211 697 pneoedentc
1222 628 1355 697 grabatos

168 727 288 781 stantino
300 727 382 781 cessit
393 727 477 781 totius
489 727 596 797 imperii
608 727 776 781 monarchia

209 825 244 880 4.
267 824 352 878 Beata
361 839 426 878 vero
435 823 540 878 Helena
548 824 646 877 ardore
654 823 717 877 fidei
725 823 792 876 adiit
800 823 939 877 civitatem
949 821 1357 886 Hierosolirnam‚adomreinlocu

168 922 285 977 sollicita
303 922 350 975 ubi
362 927 440 976 erant
450 922 569 991 pretiosa
586 921 697 974 Domini
716 920 837 988 vestigia.
849 920 926 974 'l'unc
937 919 1031 988 itaque
1052 919 1225 989 tempestatis
1243 912 1377 983 llacharinl

169 1026 229 1075 erat
247 1021 345 1091 praesul
362 1020 608 1074 Hierosolimitanae
628 1019 708 1082 sedis,
721 1019 762 1072 vir
782 1035 830 1088 per
841 1019 934 1072 omnia
950 1019 1055 1083 beatus,
1075 1017 1198 1082 nomine,
1218 1017 1359 1071 voluntatuet

169 1135 259 1188 opere.
271 1118 355 1188 Igitur
363 1117 575 1187 prudentissima
585 1117 690 1170 Helena
700 1117 728 1170 in
738 1117 814 1170 omni
822 1116 993 1186 providentia
1002 1122 1065 1187 post
1077 1116 1201 1170 oblatam
1214 1114 1359 1169 visitationm
1381 1174 1385 1205 Ι

169 1221 334 1282 sanctorum,
346 1222 373 1270 et
384 1217 436 1270 loci
449 1216 605 1284 imploravit
616 1215 788 1269 clementiam
797 1215 924 1284 episcopi,
935 1215 958 1268 si
968 1220 1062 1269 essent
1072 1215 1146 1283 apud
1158 1231 1189 1268 se
1200 1213 1289 1282 alique
1297 1217 1359 1282 puto

170 1315 296 1383 martyris
310 1315 440 1384 Stephani
461 1315 588 1383 reliquiae,
610 1320 640 1367 ut
660 1315 817 1384 dignaretur
834 1314 887 1367 sibi
906 1313 1009 1383 aliquid
1034 1330 1130 1367 earum
1155 1312 1302 1376 concedere,
1322 1318 1385 1387 nul

170 1413 316 1467 immemor
324 1414 424 1466 borum
434 1430 495 1482 quae
506 1414 667 1481 promiserat
675 1414 798 1467 Vesontii
806 1414 863 1467 Deo
875 1418 903 1467 et
912 1418 1007 1467 sancto
1016 1413 1166 1480 Stephano.
1176 1411 1258 1478 Cujus
1265 1408 1385 1479 supplice!

171 1511 291 1565 tionibus
303 1512 451 1565 clementer
462 1528 586 1565 annuens
602 1512 756 1581 patriarcha
767 1512 927 1574 bacharius,
940 1511 1038 1565 obtulit
1053 1527 1116 1564 cum
1136 1509 1278 1563 dalmatica
1286 1482 1375 1578 putn‘

171 1609 309 1678 sanguinis
317 1610 446 1678 Stephani
455 1611 670 1679 protomartyris.
679 1611 815 1679 Factaque
825 1611 862 1664 ibi
871 1610 1020 1678 quaestione
1032 1609 1120 1663 crucis
1132 1607 1361 1670 Dominiooe,ctcn

172 1707 256 1762 claris
267 1707 379 1762 inventa
394 1709 459 1773 (cod.
479 1709 615 1786 inventae),
633 1709 766 1778 disposuit
777 1714 933 1763 reverenter
951 1709 984 1762 de
1005 1708 1057 1772 his,
1074 1712 1106 1761 ut
1117 1707 1215 1776 legitur
1227 1706 1254 1759 in
1268 1702 1362 1766 historiis

172 1805 283 1860 suffulto
299 1806 327 1859 in
346 1807 407 1860 loco
420 1807 549 1861 biccharii
559 1808 679 1862 defuncti
690 1808 816 1877 episcopo
829 1808 963 1875 Quiriaco.

213 1904 247 1962 ὅ.
271 1905 368 1974 Sicque
380 1905 520 1974 repedavit
531 1905 650 1958 Romam
661 1922 743 1973 quam
757 1905 845 1968 citius,
857 1905 895 1958 ibi
907 1905 980 1958 enim
992 1909 1057 1957 tunc
1069 1902 1203 1971 temporis
1222 1917 1251 1955 se
1262 1896 1385 1969 egebotittt

172 2001 284 2070 sceptris
294 2000 365 2054 filius
375 2016 441 2053 suus
451 2000 653 2060 Constantinus,
660 2000 771 2053 mittens
781 2000 844 2053 inde
853 2004 947 2053 sancto
957 1998 1061 2052 Hilario
1070 1997 1231 2052 Vesontium
1242 1989 1363 2065 pretiosiset

172 2115 249 2153 murn
261 2100 335 2168 quod
349 2115 442 2152 secum
453 2098 588 2152 detulerat
605 2097 704 2167 pignus
712 2097 897 2167 reliquiarum.
906 2099 1019 2166 Insuper
1027 2101 1163 2166 praeparat
1174 2095 1267 2148 Romae
1276 2093 1365 2150 (Μ,

173 2212 234 2265 quai
250 2197 366 2250 deducta
377 2212 426 2265 per
442 2211 519 2248 mare
539 2197 626 2249 evasit
642 2194 790 2249 Arelatum.
809 2196 874 2249 Inde
891 2195 1003 2248 emetito
1020 2193 1130 2248 Rodani
1146 2192 1265 2246 fluminis
1276 2202 1366 2250 mauu,

173 2294 293 2365 ingressa
301 2295 408 2348 Ararim
419 2294 543 2362 pervenit
552 2294 586 2347 ad
598 2311 697 2362 aquam
712 2293 755 2347 cui
764 2310 866 2348 nornen
875 2300 916 2347 est
928 2293 1013 2346 Dubis
1026 2293 1092 2357 (cod.
1104 2291 1269 2356 Danubium)
1277 2288 1367 2343 :lacet

173 2393 246 2447 enim
256 2393 402 2446 decurrens
411 2393 490 2460 juxta
499 2393 596 2447 urbem
614 2392 784 2447 Vesontium.
794 2393 825 2445 ln
837 2409 919 2461 quam
930 2391 1069 2461 paululum
1079 2391 1115 2444 ab
1124 2389 1204 2443 Arari
1213 2402 1315 2448 emersa,
1324 2392 1385 2443 cnut

174 2492 344 2545 ascendendo
364 2491 510 2556 laboraret,
523 2497 564 2546 est
583 2492 715 2545 dissoluta
731 2492 917 2560 compagibus,
934 2491 1056 2560 ignotum
1069 2505 1124 2558 qua
1137 2488 1276 2542 occasione
1286 2491 1368 2538 casu

175 2589 271 2657 Sicque
284 2606 354 2642 onus
367 2589 444 2642 navis
455 2590 482 2643 in
494 2589 614 2643 fluminis
625 2589 757 2659 gurgitem
768 2606 824 2643 non
836 2589 991 2658 comparuit
1001 2604 1133 2642 mersum.
1146 2588 1211 2640 Erat
1219 2585 1288 2639 enim
1298 2583 1369 2636 onusta

175 2701 313 2739 marmore
323 2692 349 2739 et
358 2704 410 2740 rere
420 2693 448 2741 et
460 2688 560 2741 diversi
569 2688 675 2756 generis
687 2688 801 2741 materia
814 2691 879 2755 (cod.
889 2687 1020 2753 materiae)
1038 2702 1097 2755 quae
1110 2688 1170 2738 erat
1181 2679 1370 2737 necessariarum·

176 2784 311 2837 struendae
319 2784 446 2837 ecclesiae.
456 2785 509 2838 Sed
517 2790 544 2839 et
552 2786 633 2839 beata
641 2784 745 2839 Helena
754 2787 788 2838 ad
797 2786 850 2838 hoc
858 2784 1038 2854 reparandum
1048 2782 1160 2851 longum
1171 2797 1226 2834 non
1235 2774 1372 2833 hahuitrite

177 2881 333 2935 tendinum.
343 2882 438 2936 Statim
450 2884 543 2952 utique
556 2885 584 2937 in
591 2885 709 2937 Domino
719 2884 822 2952 quievit
837 2884 891 2936 line
902 2884 992 2937 bento.
1004 2882 1082 2936 Unde
1094 2880 1211 2950 qualiter
1222 2875 1385 2932 misitlcsou¹

177 2979 246 3033 tium
256 2982 465 3049 protomartyris
477 2982 607 3051 Stephani
624 2987 802 3051 praetaxatum
820 2982 995 3050 reliquiarum
1008 2981 1168 3033 thesaurum
1180 2983 1208 3032 et
1218 2978 1252 3029 de
1261 2977 1325 3029 bona
1333 2971 1376 3038 eiu!

178 3078 319 3132 voluntate
332 3079 359 3132 in
371 3080 423 3133 loci
442 3080 518 3134 istius
531 3082 736 3146 restauratione,
749 3082 957 3150 quiaquantum
972 3079 1023 3133 luit
1034 3082 1194 3146 competens
1212 3077 1240 3128 in
1252 3069 1377 3144 praecutit·

180 3191 241 3229 rum
249 3176 376 3241 diximus,
383 3194 457 3230 nunc
469 3179 701 3247 quemadmodum
714 3179 856 3232 brachium
867 3178 988 3245 ejusdem
998 3174 1206 3246 protomartyris
1213 3173 1249 3226 sit
1260 3171 1380 3225 deductum

181 3274 215 3327 ad
228 3274 300 3328 hunc
312 3275 403 3330 locum
415 3278 598 3346 propalemus.

221 3372 255 3430 6.
278 3374 417 3428 Praeterito
430 3375 509 3443 igitur
526 3375 676 3428 multorum
690 3375 795 3428 dierum
812 3372 953 3437 curriculo,
963 3389 1034 3425 anno
1046 3370 1198 3424 Dominicae
1215 3359 1385 3422 incarnationis

180 3472 371 3525 trecentesimo
383 3474 488 3534 cxru1²⁰‚
497 3471 570 3540 regni
582 3488 646 3525 rero
659 3471 773 3524 Honorii
781 3480 839 3534 vn0,
850 3471 922 3523 lacta
930 3474 971 3522 est
979 3468 1052 3522 beati
1061 3466 1271 3537 protomartyris
1277 3454 1385 3532 sapum*

181 3571 301 3639 corporis
312 3570 450 3625 revelatio.
463 3571 589 3639 Ignotum
609 3587 674 3624 vero
687 3575 747 3623 erat
759 3570 886 3623 omnibus
899 3585 952 3637 quo
965 3567 1026 3621 loco
1039 3571 1161 3634 tempore
1180 3563 1304 3632 martyrii
1318 3561 1385 3614 rum

179 3669 342 3734 reconditus,
351 3674 383 3723 ut
394 3673 508 3722 testatur
517 3669 634 3737 scriptus
651 3670 685 3722 de
701 3668 858 3722 inventione
871 3668 942 3721 illius
955 3665 1070 3719 libellus.
1080 3664 1141 3731 Quo
1154 3664 1248 3717 audito
1261 3662 1385 3729 imperato

180 3766 358 3820 Honorius...
371 3769 471 3835 (pergit
483 3770 537 3822 cod.
550 3776 579 3821 ut
589 3775 649 3821 tom.
667 3771 719 3834 cit,
727 3785 756 3835 p.
769 3768 878 3831 101)...
892 3766 1041 3833 Postquam
1055 3780 1119 3816 vero
1138 3762 1235 3815 beatus
1256 3760 1385 3828 Stephano

180 3865 261 3934 coepit
271 3865 299 3918 in
311 3865 363 3919 hac
380 3867 447 3919 urbe
458 3866 632 3934 patrocinari,
643 3882 700 3920 non
717 3871 758 3919 est
770 3864 898 3933 possibile
911 3863 992 3916 alicui
1009 3862 1109 3916 referre
1122 3860 1225 3915 volenti
1239 3863 1341 3929 quanta
1359 3871 1385 3925 pt

181 3979 244 4018 cum
251 3964 384 4018 Dominus
392 3965 437 4018 hic
449 3964 581 4018 miracula
592 3965 718 4034 dignetur
729 3964 837 4017 assidue
849 3962 963 4031 operari.
976 3962 1028 4015 Sed
1037 3961 1147 4014 labente
1159 3964 1316 4026 temporum
1328 3957 1385 4009 inter

183 4062 312 4131 capedine
323 4063 377 4116 alia
385 4068 449 4116 sunt
457 4063 484 4117 in
492 4064 679 4132 persecutione
690 4062 816 4117 Ecclesiae
825 4061 958 4115 subducta
968 4059 1113 4113 hominum
1125 4057 1276 4119 memoriae,
1285 4054 1385 4124 quoedau

182 4160 278 4215 litteris
290 4161 388 4214 tradita
397 4178 459 4215 cum
472 4161 530 4230 ipsa
541 4161 656 4215 ccclesia
669 4161 730 4230 igne
741 4165 911 4228 consumpta,
923 4157 1071 4226 multisque
1081 4155 1141 4209 aliis
1151 4156 1242 4210 modis
1256 4172 1305 4224 per
1321 4171 1385 4208 corn

183 4259 304 4328 ptionem
315 4259 452 4329 religionis
460 4259 620 4329 perniciata;
628 4259 676 4313 sed
689 4264 782 4312 tamen
791 4258 882 4326 aliqua
889 4273 952 4325 pars
962 4254 1139 4317 horum,licet
1147 4254 1271 4318 minima,
1277 4259 1305 4307 et
1316 4253 1385 4305 litter

184 4362 211 4411 et
219 4357 306 4412 relatu
314 4357 434 4412 fidelium
444 4357 645 4426 nobiscognita‚
653 4362 752 4411 etaetas
761 4358 883 4410 humana
892 4355 936 4408 hic
944 4353 1126 4408 locidetluens
1135 4351 1296 4412 cernithaec‚
1305 4365 1385 4419 nsuqt

184 4472 235 4509 suo
255 4461 283 4510 et
298 4457 390 4510 seculo
402 4461 430 4510 et
447 4456 614 4511 transmittet
630 4455 687 4510 suis
698 4455 814 4525 posteris
835 4454 977 4508 retinenda
988 4451 1133 4514 narrando,
1146 4450 1294 4520 dequibus
1308 4450 1386 4504 volen

184 4553 253 4608 scire
265 4559 307 4608 est
317 4554 439 4609 invenire
450 4555 540 4609 facile.

227 4652 265 4710 7.
285 4652 444 4708 Memoriam
456 4654 521 4708 lecit
531 4652 697 4707 mirabilium
718 4668 831 4706 suorum
850 4649 1005 4705 misericors
1027 4653 1055 4704 et
1065 4647 1211 4704 miserator
1232 4646 1366 4703 Dominus
1383 4665 1385 4699 1
