3142 5392
177 327 251 400 418
379 396 393 423 ὁ
514 347 640 399 carru.
667 347 769 400 conu.
795 348 1074 402 usoroousemc.

177 542 365 606 contemptum
383 539 508 592 omnium
520 538 547 591 ei
556 538 676 600 dederat,
687 554 774 591 unum
786 538 873 592 lilium
892 539 1017 608 duasque
1034 539 1106 594 illias
1122 557 1182 595 eum
1196 541 1288 605 haberet
1297 558 1308 594 a
1317 559 1335 595 e

178 641 333 701 amorerat;
345 654 460 707 puerum
473 654 569 699 unum,
587 636 652 691 anni
663 641 691 690 et
702 637 808 690 dimidii
819 637 969 691 habentem
983 640 993 673 ¹
1003 644 1124 703 aetatem,
1134 657 1151 693 a
1162 657 1189 694 se
1197 641 1337 710 penitweuu

179 735 267 788 rebat
279 736 403 805 Erogatis
421 737 513 805 itaque
525 736 679 805 quingentis
696 736 796 789 marcis
813 736 1024 791 coloniensibus
1035 738 1047 772 ¹
1058 738 1140 792 simul
1152 739 1179 792 iu
1193 739 1340 808 danque

177 833 222 886 die
233 834 374 887 occidente
386 840 414 888 et
430 834 495 888 luna
513 835 585 887 clare
601 835 710 888 lucente
730 851 793 888 curu
814 835 942 889 fortiores
954 836 1139 903 recessissent,
1150 837 1342 906 quiquedebiiua

177 938 206 986 et
216 932 316 986 infirmi
335 937 531 997 remanserant,
544 934 572 986 in
584 933 691 1001 angulis
702 933 771 987 curti
784 933 796 967 ⁸
807 938 836 986 et
844 934 923 1000 J'uxta
933 951 1014 1004 sepes
1026 934 1170 1004 hospitalis
1186 937 1292 1003 jacentes
1301 937 1359 999 lati

178 1031 265 1100 iuquit
273 1037 375 1094 sancta,
388 1034 530 1085 debiliores
538 1041 734 1086 remanserunt.
743 1035 1003 1088 Adbuetrrbuomua
1011 1038 1051 1088 eie
1059 1034 1344 1105 eleemosymalllsirgtl'r

177 1130 363 1184 indifferenter
374 1130 438 1184 iecit
449 1147 497 1183 sex
509 1131 636 1184 denarios
648 1131 825 1184 Colonienses
837 1132 905 1186 dari.
916 1133 951 1186 Et
961 1133 1035 1186 lacto
1048 1135 1161 1203 copioso
1178 1133 1235 1203 igne
1247 1135 1300 1188 cirta
1309 1149 1345 1203 pte

175 1243 262 1297 peres,
274 1245 358 1297 panes
367 1230 406 1283 eis
415 1229 561 1294 distribuit,
572 1230 655 1298 pedes
666 1230 761 1283 multis
772 1230 839 1284 lauit
847 1236 875 1284 et
886 1231 971 1284 unxit
981 1230 1089 1298 Quibus
1101 1249 1156 1301 prae
1165 1233 1255 1302 gaudio
1264 1231 1346 1286 centri

175 1325 235 1391 bus,
247 1326 306 1395 ipsa
314 1343 396 1396 supra
405 1329 518 1389 modum
528 1328 680 1382 exhilarata
689 1333 738 1381 est.
750 1329 833 1382 Extra
841 1329 925 1382 etiam
934 1329 1076 1398 proprium
1089 1330 1233 1400 hospitium
1244 1328 1346 1384 mult'uflt

174 1423 263 1492 dignis
274 1425 392 1493 pretium
402 1426 493 1491 dabat,
505 1430 536 1479 ut
545 1442 678 1495 pauperes
690 1430 883 1494 procurarent;
896 1432 924 1480 et
941 1427 1048 1481 occulte
1067 1428 1166 1482 anulos
1181 1426 1347 1497 sumserat

175 1521 261 1575 serica
272 1523 381 1591 aliaque
394 1524 520 1579 clenodia
533 1527 676 1589 vendebat,
688 1531 719 1580 ut
735 1527 900 1596 pauperibus
918 1527 1116 1582 ministrarent.
1135 1529 1167 1583 ln
1187 1528 1296 1599 hospitali
1305 1526 1347 1597 pol

176 1620 277 1674 iecerat
288 1627 316 1675 et
327 1623 355 1675 in
367 1640 422 1691 quo
433 1624 485 1677 sub
497 1624 595 1678 habitu
611 1642 732 1694 paupere
744 1625 861 1679 Domino
871 1626 1016 1691 serviebat,
1028 1627 1160 1680 scutellas
1174 1633 1201 1681 et
1216 1626 1347 1697 patellasips

174 1717 298 1784 lavabat;
311 1726 346 1785 et,
358 1738 392 1774 ne
404 1722 440 1775 ab
453 1723 558 1776 ancillis
571 1723 756 1792 impediretur,
768 1725 867 1793 sapius
878 1725 913 1777 ad
924 1725 978 1778 alia
990 1725 1145 1790 emittebat,
1157 1730 1188 1780 ut
1197 1723 1346 1794 liberiusqul

174 1818 238 1871 darn
250 1819 262 1852 ⁴
274 1834 343 1887 opus
355 1821 519 1889 despicabile
528 1827 621 1891 posset
633 1822 754 1891 implere.

213 1915 274 1973 41.
298 1920 521 1973 commemorata
534 1935 598 1987 ergo
610 1923 770 1988 paupertate
783 1920 841 1987 ejus
853 1924 881 1972 et
892 1920 1058 1988 quibusdam
1072 1922 1200 1990 operibus
1210 1917 1345 1990 queantur

173 2015 348 2084 paupertatis
360 2015 388 2068 in
400 2014 551 2068 infortunio
569 2015 617 2069 tali
634 2015 686 2068 sibi
698 2014 856 2068 acciderunt
867 2015 1015 2075 recensitis.
1032 2032 1107 2070 nunc
1118 2019 1212 2086 paucis
1222 2016 1345 2084 abjectum

173 2114 447 2182 persecutionemque
468 2129 552 2181 quam
573 2113 703 2167 sustinuit
722 2113 921 2181 subjungamus
940 2114 960 2167 ⁶.
981 2114 1050 2168 Cum
1069 2116 1157 2169 electu
1176 2117 1223 2170 Dei
1241 2132 1256 2169 a
1271 2121 1346 2182 impr

172 2211 391 2280 desponsationis
402 2227 458 2264 suae
470 2216 579 2280 propter
599 2211 757 2281 religionem
775 2228 853 2265 suam
872 2217 898 2265 et
915 2213 1053 2266 bonorum
1075 2230 1189 2283 operum
1206 2213 1345 2268 exustum

172 2309 235 2363 illlis
246 2309 330 2378 hujus
347 2309 432 2363 seculi
445 2314 501 2363 tam
514 2310 548 2363 ad
560 2311 665 2363 curiam
677 2326 760 2378 quam
774 2310 808 2363 ad
820 2310 1010 2378 cognationem
1026 2312 1121 2366 mariti
1133 2313 1296 2382 spectantibus
1306 2316 1345 2362 un

171 2424 256 2476 qnam
277 2408 362 2461 stulta
380 2413 407 2461 et
427 2408 505 2461 salua
527 2408 683 2472 haberetur,
704 2424 849 2462 onerosam
870 2409 952 2462 nimis
978 2410 1037 2478 ejus
1060 2412 1229 2480 presentiam
1246 2420 1346 2480 pereutit

79 2545 83 2554 .
172 2507 296 2560 odiosam
310 2523 370 2559 eam
384 2507 549 2560 habuerunt.
567 2507 653 2569 Unde,
670 2511 811 2575 comperta
827 2511 917 2561 morte
934 2508 1034 2572 mariti,
1050 2510 1137 2563 frater
1154 2511 1211 2578 eJ'us
1226 2510 1285 2563 unde
1296 2518 1346 2574 πμ

171 2609 355 2658 memoratum
368 2610 417 2668 est,
426 2610 507 2658 nacta
519 2604 671 2668 occasione,
680 2604 714 2657 de
726 2604 839 2658 consilio
852 2605 1031 2659 vassallorum
1045 2607 1138 2661 fratris
1147 2608 1197 2671 sui,
1204 2608 1272 2677 ejecit
1280 2601 1345 2660 anit

171 2705 261 2754 castro
275 2707 302 2755 et
314 2701 441 2755 omnibus
450 2701 669 2771 possessionibus
680 2702 800 2755 dotalicii
812 2702 855 2756 sui
866 2702 992 2772 privarit.
1004 2704 1117 2759 Poterat
1129 2707 1235 2775 quidem
1248 2696 1345 2759 sustenta

171 2805 320 2868 utcumque
331 2801 342 2835 ⁶
355 2805 382 2854 et
393 2801 486 2854 rivere
497 2818 560 2854 cum
572 2817 667 2854 socero
681 2818 739 2864 suo,
751 2801 774 2853 si
792 2801 825 2853 ad
838 2818 929 2854 mores
941 2807 967 2855 et
980 2802 1058 2856 cibos
1070 2805 1161 2867 euriae,
1179 2806 1246 2875 quod
1260 2805 1345 2858 hama

171 2915 225 2952 nou
243 2900 352 2964 iecerat,
365 2900 473 2968 inlriugi
485 2901 625 2968 potuisset.
638 2900 691 2953 Sed
702 2900 757 2966 illa,
770 2901 985 2954 incontaminato
1005 2904 1140 2958 sacrificio
1153 2888 1379 3055 intendensiuqt'r'q

170 3003 330 3051 numentum
343 2999 410 3067 picis
418 2999 429 3032 ⁷
438 3001 546 3067 penitus
559 2999 710 3063 abhorruit,
720 2998 820 3067 eligens
832 3000 922 3067 potius
934 3000 1120 3068 abjectionem
1132 3021 1212 3072 quarn
1224 3006 1345 3072 peecatum

170 3094 412 3149 cohabitationem.
430 3097 469 3149 De
487 3095 585 3164 praedis
604 3101 631 3149 et
648 3111 798 3164 pauperum
811 3097 1009 3163 exactionibus
1022 3115 1084 3166 quae
1100 3100 1128 3153 in
1145 3102 1225 3155 curiis
1242 3095 1345 3169 principa

169 3194 268 3262 sepius
280 3195 383 3248 versari
399 3194 539 3263 contingat
550 3195 569 3258 ⁸,
588 3195 676 3248 noluit
692 3196 795 3249 victum
814 3201 862 3249 aut
874 3197 1003 3251 vestitum
1015 3199 1129 3263 habere,
1145 3201 1294 3255 moereutiuu
1306 3206 1345 3247 tot

169 3291 281 3345 solatrix
292 3309 497 3362 pauperumque
506 3297 601 3345 mater.

209 3389 268 3446 42.
292 3391 353 3459 ipsa
365 3393 457 3442 autern
471 3389 558 3455 ejecta
570 3388 604 3441 de
621 3392 782 3440 castrorum
794 3390 886 3456 pueris
897 3389 962 3453 suis,
973 3392 1025 3444 sub
1037 3397 1127 3447 castro
1141 3393 1245 3448 intrarit
1255 3368 1373 3460 aqum*

169 3489 310 3557 cujusdam
323 3485 464 3553 cauponis,
481 3483 509 3536 in
526 3499 581 3551 quo
600 3483 706 3536 solebat
718 3501 817 3551 porcos
834 3502 897 3538 suos
916 3486 1075 3541 incrassare.
1088 3488 1142 3542 Ubi
1159 3490 1241 3543 noctis
1255 3476 1344 3542 ruelloil

169 3603 267 3655 magna
278 3584 447 3652 jocunditate
466 3581 594 3647 existens,
611 3581 719 3635 Fratres
738 3581 856 3637 Minores
873 3584 965 3652 oppidi
977 3584 1051 3638 illius
1069 3586 1152 3641 celeri
1170 3604 1256 3657 gressu
1269 3574 1344 3653 appelli

169 3699 267 3753 rogans
279 3699 327 3736 eos
348 3681 375 3734 in
396 3679 506 3732 laudem
526 3678 573 3731 Dei
586 3695 635 3747 pro
650 3695 700 3731 sua
716 3679 891 3734 tribulatione
906 3683 917 3706 ³
929 3681 967 3734 Te
979 3682 1069 3737 Deum
1081 3684 1244 3749 laudamus,
1256 3681 1343 3736 altaro&

169 3780 334 3848 hymnizare.
345 3778 402 3837 Cui,
415 3778 536 3843 inquam,
549 3774 633 3828 electa
650 3775 698 3828 Dei
711 3793 727 3829 a
741 3776 805 3829 vino
817 3777 944 3831 salutaris
956 3779 1083 3833 sacrificii
1102 3782 1159 3848 jam
1180 3787 1239 3835 tune
1254 3770 1343 3850 ponat

171 3879 304 3932 inebriata
316 3892 371 3930 non
385 3891 443 3928 esse
456 3874 585 3927 videtur?
597 3874 726 3943 Sequenti
745 3875 788 3927 die
800 3892 863 3928 curu
878 3876 969 3930 nullus
986 3878 1100 3932 auderet
1112 3897 1174 3934 eam
1185 3864 1343 3949 hospitiosutd·

170 3994 241 4047 pere,
251 3977 310 4045 ipsa
322 3991 384 4028 curn
398 3973 568 4042 pedissequis
581 3978 607 4026 et
619 3973 739 4041 parvulis
751 3973 808 4027 suis
823 3974 851 4027 in
863 3974 977 4027 ecclesia
989 3977 1024 4029 ad
1036 3994 1121 4045 quam
1133 3978 1244 4041 divertit,
1254 3964 1342 4029 diuelli

170 4077 200 4128 ln
213 4074 335 4128 maxima
347 4072 455 4140 frigoris
475 4070 621 4138 asperitate
639 4087 693 4139 quo
711 4087 740 4123 se
758 4071 905 4125 diverteret
921 4078 969 4125 aut
986 4090 1135 4142 puerorum
1148 4076 1232 4145 capita
1243 4064 1341 4127 intimet

169 4173 316 4227 nesciebat.
324 4171 445 4224 Tandem
456 4169 568 4224 donrum
579 4170 729 4222 sacerdotis
738 4168 899 4238 ingrediens,
907 4169 960 4224 illic
968 4171 1162 4228 miserabiliter
1170 4174 1239 4244 parit
1246 4174 1340 4226 saetae

168 4272 326 4340 pignoribus
337 4270 474 4339 expositis.
484 4270 583 4322 Postea
592 4270 733 4338 compulsa
744 4275 786 4324 est
797 4270 898 4323 intrare
911 4270 939 4323 in
953 4273 1147 4340 angustissima
1156 4274 1281 4328 domorum
1287 4262 1340 4328 llll*

169 4374 232 4426 ‹lam
245 4372 336 4426 aemuli
349 4373 400 4436 sui,
413 4372 460 4425 ubi
470 4371 587 4424 multum
599 4387 661 4425 cum
671 4375 730 4424 tota
739 4371 844 4425 familia
853 4389 903 4425 sua
912 4372 947 4425 ab
956 4372 1066 4441 hospite
1075 4379 1103 4427 et
1111 4374 1215 4444 hospita
1223 4367 1339 4442 gmuhtltl·

203 4597 327 4651 ¹hubens
339 4598 360 4658 l,
372 4598 395 4650 ἱ).
405 4624 437 4635 -
448 4597 459 4630 ²
472 4596 676 4650 Coloniensium
687 4597 742 4660 1,2.
755 4624 787 4634 —
800 4597 812 4630 ³
824 4600 871 4651 sic.
883 4626 914 4636 -
928 4599 940 4632 ⁴
952 4600 1096 4668 quodlibet
1107 4574 1130 4655 {l
1142 4633 1173 4643 -
1184 4603 1196 4637 ⁸
1206 4605 1240 4654 ita
1249 4599 1272 4655 it
1281 4587 1338 4654 sulp·

167 4696 263 4746 prmus
274 4681 295 4733 1.
304 4709 337 4718 —
346 4680 358 4713 ⁶
368 4683 405 4732 ito
418 4697 488 4733 corr.
502 4682 528 4732 in
539 4681 571 4741 ‘2;
584 4684 732 4747 utrumque
743 4681 765 4732 1.
775 4709 807 4716 —
818 4679 828 4713 ἵ
839 4682 877 4733 ita
895 4698 965 4735 corr.
977 4683 1010 4745 ἲς
1022 4683 1097 4751 pacis
1110 4687 1133 4738 1.
1144 4715 1175 4723 —
1183 4685 1194 4720 ⁸
1202 4687 1237 4739 aie
1246 4678 1288 4741 li.
