<?xml version="1.0" encoding="UTF-8"?>
<!DOCTYPE html PUBLIC "-//W3C//DTD XHTML 1.0 Transitional//EN"
    "http://www.w3.org/TR/xhtml1/DTD/xhtml1-transitional.dtd">
<html xmlns="http://www.w3.org/1999/xhtml" xml:lang="en" lang="en">
 <head>
  <title>
</title>
<meta http-equiv="Content-Type" content="text/html;charset=utf-8" />
  <meta name='ocr-system' content='tesseract 3.04.00' />
  <meta name='ocr-capabilities' content='ocr_page ocr_carea ocr_par ocr_line ocrx_word'/>
</head>
<body>
  <div class='ocr_page' id='page_1' title='image "./cataloguscodicu01belggoog_0583.png"; bbox 0 0 3248 5392; ppageno 0'>
   <div class='ocr_carea' id='block_1_1' title="bbox 51 1415 177 1534">
    <p class='ocr_par' dir='ltr' id='par_1_1' title="bbox 51 1415 177 1534">
     <span class='ocr_line' id='line_1_1' title="bbox 52 1415 152 1491; baseline 0 -24"><span class='ocrx_word' id='word_1_1' title='bbox 52 1479 59 1491; x_wconf 31' lang='grc' dir='ltr'><strong><em>ο</em></strong></span> <span class='ocrx_word' id='word_1_2' title='bbox 71 1415 86 1443; x_wconf 75' lang='grc'><strong>“</strong></span> <span class='ocrx_word' id='word_1_3' title='bbox 97 1415 152 1491; x_wconf 73' lang='lat' dir='ltr'><strong>cod.</strong></span> 
     </span>
     <span class='ocr_line' id='line_1_2' title="bbox 51 1494 177 1534; baseline -0.008 0"><span class='ocrx_word' id='word_1_4' title='bbox 51 1494 177 1534; x_wconf 77' lang='lat' dir='ltr'><strong>innoxia.</strong></span> 
     </span>
    </p>
   </div>
   <div class='ocr_carea' id='block_1_2' title="bbox 36 2008 183 2144">
    <p class='ocr_par' dir='ltr' id='par_1_2' title="bbox 36 2008 183 2144">
     <span class='ocr_line' id='line_1_3' title="bbox 69 2008 152 2062; baseline 0.024 -2"><span class='ocrx_word' id='word_1_5' title='bbox 69 2008 84 2036; x_wconf 74' lang='lat'><strong>⁹</strong></span> <span class='ocrx_word' id='word_1_6' title='bbox 96 2010 152 2062; x_wconf 86' lang='lat' dir='ltr'><strong>cod.</strong></span> 
     </span>
     <span class='ocr_line' id='line_1_4' title="bbox 36 2089 183 2144; baseline -0.02 -15"><span class='ocrx_word' id='word_1_7' title='bbox 36 2089 183 2144; x_wconf 83' lang='lat' dir='ltr'><strong>expugnas.</strong></span> 
     </span>
    </p>
   </div>
   <div class='ocr_carea' id='block_1_3' title="bbox 18 2405 208 2671">
    <p class='ocr_par' dir='ltr' id='par_1_3' title="bbox 18 2405 208 2671">
     <span class='ocr_line' id='line_1_5' title="bbox 69 2405 151 2457; baseline 0 0"><span class='ocrx_word' id='word_1_8' title='bbox 69 2405 84 2433; x_wconf 74' lang='lat'><strong>⁹</strong></span> <span class='ocrx_word' id='word_1_9' title='bbox 95 2406 151 2457; x_wconf 85' lang='lat' dir='ltr'><strong>cod.</strong></span> 
     </span>
     <span class='ocr_line' id='line_1_6' title="bbox 44 2470 180 2590; baseline 0 -66"><span class='ocrx_word' id='word_1_10' title='bbox 44 2470 180 2590; x_wconf 50' lang='lat' dir='ltr'><strong>entuggat.</strong></span> 
     </span>
     <span class='ocr_line' id='line_1_7' title="bbox 18 2555 208 2671; baseline -0.011 -15"><span class='ocrx_word' id='word_1_11' title='bbox 18 2555 208 2671; x_wconf 54' lang='lat' dir='ltr'><strong>dissipabas.</strong></span> 
     </span>
    </p>
   </div>
   <div class='ocr_carea' id='block_1_4' title="bbox 44 2899 174 2951">
    <p class='ocr_par' dir='ltr' id='par_1_4' title="bbox 44 2899 174 2951">
     <span class='ocr_line' id='line_1_8' title="bbox 44 2899 174 2951; baseline -0.008 0"><span class='ocrx_word' id='word_1_12' title='bbox 44 2900 59 2928; x_wconf 74' lang='lat'><strong>⁴</strong></span> <span class='ocrx_word' id='word_1_13' title='bbox 70 2899 126 2951; x_wconf 84' lang='lat' dir='ltr'><strong>cod.</strong></span> <span class='ocrx_word' id='word_1_14' title='bbox 139 2903 174 2950; x_wconf 84' lang='lat' dir='ltr'><strong>et</strong></span> 
     </span>
    </p>
   </div>
   <div class='ocr_carea' id='block_1_5' title="bbox 26 3000 193 3251">
    <p class='ocr_par' dir='ltr' id='par_1_5' title="bbox 26 3000 193 3251">
     <span class='ocr_line' id='line_1_9' title="bbox 36 3000 187 3073; baseline -0.007 -22"><span class='ocrx_word' id='word_1_15' title='bbox 36 3000 51 3028; x_wconf 73' lang='lat'><em>⁶</em></span> <span class='ocrx_word' id='word_1_16' title='bbox 63 3001 92 3051; x_wconf 83' lang='lat' dir='ltr'><strong>in</strong></span> <span class='ocrx_word' id='word_1_17' title='bbox 102 3015 187 3073; x_wconf 74' lang='lat' dir='ltr'><strong>marq.</strong></span> 
     </span>
     <span class='ocr_line' id='line_1_10' title="bbox 26 3066 193 3118; baseline -0.018 0"><span class='ocrx_word' id='word_1_18' title='bbox 26 3066 193 3118; x_wconf 84' lang='lat' dir='ltr'><strong>monasterii.</strong></span> 
     </span>
     <span class='ocr_line' id='line_1_11' title="bbox 68 3134 149 3185; baseline -0.025 0"><span class='ocrx_word' id='word_1_19' title='bbox 68 3134 82 3161; x_wconf 70' lang='lat'><strong>⁹</strong></span> <span class='ocrx_word' id='word_1_20' title='bbox 93 3134 149 3185; x_wconf 87' lang='lat' dir='ltr'><strong>cod.</strong></span> 
     </span>
     <span class='ocr_line' id='line_1_12' title="bbox 43 3197 176 3251; baseline -0.008 -1"><span class='ocrx_word' id='word_1_21' title='bbox 43 3197 176 3251; x_wconf 88' lang='lat' dir='ltr'><strong>abscintii.</strong></span> 
     </span>
    </p>
   </div>
   <div class='ocr_carea' id='block_1_6' title="bbox 237 299 1145 375">
    <p class='ocr_par' dir='ltr' id='par_1_6' title="bbox 237 299 1145 375">
     <span class='ocr_line' id='line_1_13' title="bbox 237 299 1145 375; baseline 0.003 -4"><span class='ocrx_word' id='word_1_22' title='bbox 237 299 309 372; x_wconf 82' lang='lat'><strong>560</strong></span> <span class='ocrx_word' id='word_1_23' title='bbox 573 323 700 375; x_wconf 77' lang='lat' dir='ltr'><strong>caran.</strong></span> <span class='ocrx_word' id='word_1_24' title='bbox 727 323 831 375; x_wconf 90' lang='lat' dir='ltr'><strong>conn.</strong></span> <span class='ocrx_word' id='word_1_25' title='bbox 857 321 1145 375; x_wconf 80' lang='lat' dir='ltr'><strong>nauroonaenrc.</strong></span> 
     </span>
    </p>
   </div>
   <div class='ocr_carea' id='block_1_7' title="bbox 232 508 1492 4744">
    <p class='ocr_par' dir='ltr' id='par_1_7' title="bbox 236 508 1475 975">
     <span class='ocr_line' id='line_1_14' title="bbox 236 508 1453 581; baseline 0.002 -19"><span class='ocrx_word' id='word_1_26' title='bbox 236 509 392 573; x_wconf 77' lang='lat' dir='ltr'><strong>sanctuarii,</strong></span> <span class='ocrx_word' id='word_1_27' title='bbox 404 508 542 577; x_wconf 87' lang='lat' dir='ltr'><strong>inquibus</strong></span> <span class='ocrx_word' id='word_1_28' title='bbox 553 510 672 564; x_wconf 89' lang='lat' dir='ltr'><strong>nossine</strong></span> <span class='ocrx_word' id='word_1_29' title='bbox 685 510 838 565; x_wconf 86' lang='lat' dir='ltr'><strong>reverentia</strong></span> <span class='ocrx_word' id='word_1_30' title='bbox 846 512 1004 580; x_wconf 87' lang='lat' dir='ltr'><strong>agebamus,</strong></span> <span class='ocrx_word' id='word_1_31' title='bbox 1016 510 1200 580; x_wconf 87' lang='lat' dir='ltr'><strong>colaphizati,</strong></span> <span class='ocrx_word' id='word_1_32' title='bbox 1210 509 1328 564; x_wconf 78' lang='lat' dir='ltr'><strong>discussi</strong></span> <span class='ocrx_word' id='word_1_33' title='bbox 1338 516 1362 565; x_wconf 87' lang='lat' dir='ltr'><strong>et</strong></span> <span class='ocrx_word' id='word_1_34' title='bbox 1372 512 1453 581; x_wconf 81' lang='lat' dir='ltr'><strong>spoliati</strong></span> 
     </span>
     <span class='ocr_line' id='line_1_15' title="bbox 236 608 1454 680; baseline 0.004 -19"><span class='ocrx_word' id='word_1_35' title='bbox 236 622 338 663; x_wconf 79' lang='lat' dir='ltr'><strong>sumus</strong></span> <span class='ocrx_word' id='word_1_36' title='bbox 356 608 479 678; x_wconf 72' lang='lat' dir='ltr'><strong>Quaque</strong></span> <span class='ocrx_word' id='word_1_37' title='bbox 491 625 571 662; x_wconf 89' lang='lat' dir='ltr'><strong>roseo</strong></span> <span class='ocrx_word' id='word_1_38' title='bbox 589 625 686 663; x_wconf 89' lang='lat' dir='ltr'><strong>cruore</strong></span> <span class='ocrx_word' id='word_1_39' title='bbox 704 609 774 680; x_wconf 82' lang='lat' dir='ltr'><strong>Agni</strong></span> <span class='ocrx_word' id='word_1_40' title='bbox 786 610 972 679; x_wconf 71' lang='lat' dir='ltr'><strong>benignissimi</strong></span> <span class='ocrx_word' id='word_1_41' title='bbox 990 615 1088 679; x_wconf 89' lang='lat' dir='ltr'><strong>empta</strong></span> <span class='ocrx_word' id='word_1_42' title='bbox 1106 610 1238 664; x_wconf 82' lang='lat' dir='ltr'><strong>micabat</strong></span> <span class='ocrx_word' id='word_1_43' title='bbox 1255 610 1327 674; x_wconf 88' lang='lat' dir='ltr'><strong>auia,</strong></span> <span class='ocrx_word' id='word_1_44' title='bbox 1342 610 1454 666; x_wconf 85' lang='lat' dir='ltr'><strong>immundo</strong></span> 
     </span>
     <span class='ocr_line' id='line_1_16' title="bbox 236 707 1455 779; baseline 0.002 -19"><span class='ocrx_word' id='word_1_45' title='bbox 236 708 368 776; x_wconf 88' lang='lat' dir='ltr'><strong>sanguine</strong></span> <span class='ocrx_word' id='word_1_46' title='bbox 380 707 526 760; x_wconf 89' lang='lat' dir='ltr'><strong>hominum</strong></span> <span class='ocrx_word' id='word_1_47' title='bbox 539 707 640 776; x_wconf 89' lang='lat' dir='ltr'><strong>passim</strong></span> <span class='ocrx_word' id='word_1_48' title='bbox 659 707 812 762; x_wconf 90' lang='lat' dir='ltr'><strong>occisorum</strong></span> <span class='ocrx_word' id='word_1_49' title='bbox 831 724 963 778; x_wconf 86' lang='lat' dir='ltr'><strong>resperso,</strong></span> <span class='ocrx_word' id='word_1_50' title='bbox 974 708 1097 779; x_wconf 84' lang='lat' dir='ltr'><strong>peccatis</strong></span> <span class='ocrx_word' id='word_1_51' title='bbox 1110 711 1126 737; x_wconf 78' lang='lat'><strong>⁴*</strong></span> <span class='ocrx_word' id='word_1_52' title='bbox 1145 707 1335 777; x_wconf 84' lang='lat' dir='ltr'><strong>exigentibus.</strong></span> <span class='ocrx_word' id='word_1_53' title='bbox 1342 710 1455 777; x_wconf 72' lang='lat' dir='ltr'><strong>pronun</strong></span> 
     </span>
     <span class='ocr_line' id='line_1_17' title="bbox 237 806 1456 876; baseline 0.003 -15"><span class='ocrx_word' id='word_1_54' title='bbox 237 811 285 861; x_wconf 91' lang='lat' dir='ltr'><strong>est.</strong></span> <span class='ocrx_word' id='word_1_55' title='bbox 297 806 330 861; x_wconf 86' lang='lat' dir='ltr'><strong>Et</strong></span> <span class='ocrx_word' id='word_1_56' title='bbox 341 811 437 876; x_wconf 89' lang='lat' dir='ltr'><strong>regnat</strong></span> <span class='ocrx_word' id='word_1_57' title='bbox 447 808 486 861; x_wconf 92' lang='lat' dir='ltr'><strong>ibi</strong></span> <span class='ocrx_word' id='word_1_58' title='bbox 498 808 582 861; x_wconf 92' lang='lat' dir='ltr'><strong>modo</strong></span> <span class='ocrx_word' id='word_1_59' title='bbox 595 807 761 875; x_wconf 82' lang='lat' dir='ltr'><strong>profundum</strong></span> <span class='ocrx_word' id='word_1_60' title='bbox 774 824 807 861; x_wconf 88' lang='lat' dir='ltr'><strong>ac</strong></span> <span class='ocrx_word' id='word_1_61' title='bbox 819 808 895 862; x_wconf 89' lang='lat' dir='ltr'><strong>triste</strong></span> <span class='ocrx_word' id='word_1_62' title='bbox 907 808 1055 872; x_wconf 88' lang='lat' dir='ltr'><strong>silentium,</strong></span> <span class='ocrx_word' id='word_1_63' title='bbox 1069 809 1122 862; x_wconf 91' lang='lat' dir='ltr'><strong>ubi</strong></span> <span class='ocrx_word' id='word_1_64' title='bbox 1138 808 1346 863; x_wconf 69' lang='lat' dir='ltr'><strong>delectabiliter</strong></span> <span class='ocrx_word' id='word_1_65' title='bbox 1355 825 1456 865; x_wconf 68' lang='lat' dir='ltr'><strong>tenuare</strong></span> 
     </span>
     <span class='ocr_line' id='line_1_18' title="bbox 237 895 1475 975; baseline 0.002 -15"><span class='ocrx_word' id='word_1_66' title='bbox 237 912 264 960; x_wconf 92' lang='lat' dir='ltr'><strong>et</strong></span> <span class='ocrx_word' id='word_1_67' title='bbox 275 907 364 962; x_wconf 89' lang='lat' dir='ltr'><strong>audiri</strong></span> <span class='ocrx_word' id='word_1_68' title='bbox 376 906 502 961; x_wconf 87' lang='lat' dir='ltr'><strong>solebant</strong></span> <span class='ocrx_word' id='word_1_69' title='bbox 510 895 678 961; x_wconf 83' lang='lat' dir='ltr'><strong>alternantes</strong></span> <span class='ocrx_word' id='word_1_70' title='bbox 688 907 765 961; x_wconf 90' lang='lat' dir='ltr'><strong>chori</strong></span> <span class='ocrx_word' id='word_1_71' title='bbox 779 907 912 962; x_wconf 88' lang='lat' dir='ltr'><strong>altissime</strong></span> <span class='ocrx_word' id='word_1_72' title='bbox 924 912 951 962; x_wconf 90' lang='lat' dir='ltr'><strong>et</strong></span> <span class='ocrx_word' id='word_1_73' title='bbox 960 907 1079 962; x_wconf 82' lang='lat' dir='ltr'><strong>dulciter</strong></span> <span class='ocrx_word' id='word_1_74' title='bbox 1089 909 1289 975; x_wconf 87' lang='lat' dir='ltr'><strong>jubilantium.</strong></span> <span class='ocrx_word' id='word_1_75' title='bbox 1464 921 1475 968; x_wconf 74' lang='lat' dir='ltr'><strong>t</strong></span> 
     </span>
    </p>

    <p class='ocr_par' dir='ltr' id='par_1_8' title="bbox 233 1004 1488 2464">
     <span class='ocr_line' id='line_1_19' title="bbox 277 1004 1455 1075; baseline -0.001 -12"><span class='ocrx_word' id='word_1_76' title='bbox 277 1005 312 1064; x_wconf 82' lang='lat'><strong>6.</strong></span> <span class='ocrx_word' id='word_1_77' title='bbox 335 1004 397 1061; x_wconf 89' lang='lat' dir='ltr'><strong>Heu</strong></span> <span class='ocrx_word' id='word_1_78' title='bbox 416 1007 482 1075; x_wconf 91' lang='lat' dir='ltr'><strong>quid</strong></span> <span class='ocrx_word' id='word_1_79' title='bbox 507 1005 615 1059; x_wconf 82' lang='lat' dir='ltr'><strong>dicam?</strong></span> <span class='ocrx_word' id='word_1_80' title='bbox 639 1005 734 1059; x_wconf 85' lang='lat' dir='ltr'><strong>Tantis</strong></span> <span class='ocrx_word' id='word_1_81' title='bbox 746 1005 873 1060; x_wconf 87' lang='lat' dir='ltr'><strong>concussi</strong></span> <span class='ocrx_word' id='word_1_82' title='bbox 889 1010 915 1059; x_wconf 93' lang='lat' dir='ltr'><strong>et</strong></span> <span class='ocrx_word' id='word_1_83' title='bbox 933 1006 1017 1059; x_wconf 82' lang='lat' dir='ltr'><strong>attriti</strong></span> <span class='ocrx_word' id='word_1_84' title='bbox 1036 1007 1162 1060; x_wconf 89' lang='lat' dir='ltr'><strong>necdum</strong></span> <span class='ocrx_word' id='word_1_85' title='bbox 1188 1005 1275 1059; x_wconf 89' lang='lat' dir='ltr'><strong>malis</strong></span> <span class='ocrx_word' id='word_1_86' title='bbox 1292 1023 1413 1075; x_wconf 80' lang='lat' dir='ltr'><strong>pavemus</strong></span> <span class='ocrx_word' id='word_1_87' title='bbox 1426 1009 1455 1063; x_wconf 79' lang='lat' dir='ltr'><strong>rei</strong></span> 
     </span>
     <span class='ocr_line' id='line_1_20' title="bbox 236 1091 1456 1174; baseline -0.002 -13"><span class='ocrx_word' id='word_1_88' title='bbox 236 1091 428 1174; x_wconf 85' lang='lat' dir='ltr'><strong>resipiscimus,</strong></span> <span class='ocrx_word' id='word_1_89' title='bbox 448 1104 565 1157; x_wconf 87' lang='lat' dir='ltr'><strong>necdum</strong></span> <span class='ocrx_word' id='word_1_90' title='bbox 586 1103 725 1157; x_wconf 85' lang='lat' dir='ltr'><strong>anteriora</strong></span> <span class='ocrx_word' id='word_1_91' title='bbox 744 1102 913 1171; x_wconf 88' lang='lat' dir='ltr'><strong>appetimus;</strong></span> <span class='ocrx_word' id='word_1_92' title='bbox 934 1102 981 1156; x_wconf 90' lang='lat' dir='ltr'><strong>sed</strong></span> <span class='ocrx_word' id='word_1_93' title='bbox 1003 1102 1083 1157; x_wconf 91' lang='lat' dir='ltr'><strong>obliti</strong></span> <span class='ocrx_word' id='word_1_94' title='bbox 1103 1103 1199 1167; x_wconf 28' lang='lat' dir='ltr'><strong>verbi,</strong></span> <span class='ocrx_word' id='word_1_95' title='bbox 1215 1103 1328 1157; x_wconf 87' lang='lat' dir='ltr'><strong>Domini</strong></span> <span class='ocrx_word' id='word_1_96' title='bbox 1349 1105 1456 1159; x_wconf 70' lang='lat' dir='ltr'><strong>dicente:</strong></span> 
     </span>
     <span class='ocr_line' id='line_1_21' title="bbox 237 1200 1456 1271; baseline -0.001 -13"><span class='ocrx_word' id='word_1_97' title='bbox 237 1207 368 1258; x_wconf 84' lang='lat' dir='ltr'><strong>Memores</strong></span> <span class='ocrx_word' id='word_1_98' title='bbox 377 1205 560 1256; x_wconf 75' lang='lat' dir='ltr'><strong>estoteuaeoris</strong></span> <span class='ocrx_word' id='word_1_99' title='bbox 570 1202 647 1266; x_wconf 79' lang='lat' dir='ltr'><strong>Lotb,</strong></span> <span class='ocrx_word' id='word_1_100' title='bbox 658 1200 685 1255; x_wconf 93' lang='lat' dir='ltr'><strong>in</strong></span> <span class='ocrx_word' id='word_1_101' title='bbox 694 1217 803 1269; x_wconf 80' lang='lat' dir='ltr'><strong>posnam</strong></span> <span class='ocrx_word' id='word_1_102' title='bbox 812 1206 935 1254; x_wconf 88' lang='lat' dir='ltr'><strong>nostram</strong></span> <span class='ocrx_word' id='word_1_103' title='bbox 947 1206 1009 1269; x_wconf 90' lang='lat' dir='ltr'><strong>post</strong></span> <span class='ocrx_word' id='word_1_104' title='bbox 1024 1207 1136 1271; x_wconf 89' lang='lat' dir='ltr'><strong>tergum</strong></span> <span class='ocrx_word' id='word_1_105' title='bbox 1158 1202 1331 1271; x_wconf 80' lang='lat' dir='ltr'><strong>respicimus</strong></span> <span class='ocrx_word' id='word_1_106' title='bbox 1341 1209 1366 1256; x_wconf 89' lang='lat' dir='ltr'><strong>et</strong></span> <span class='ocrx_word' id='word_1_107' title='bbox 1376 1203 1456 1257; x_wconf 64' lang='lat' dir='ltr'><strong>insila</strong></span> 
     </span>
     <span class='ocr_line' id='line_1_22' title="bbox 236 1300 1456 1363; baseline -0.001 -5"><span class='ocrx_word' id='word_1_108' title='bbox 236 1303 387 1358; x_wconf 83' lang='lat' dir='ltr'><strong>Gomorroei</strong></span> <span class='ocrx_word' id='word_1_109' title='bbox 397 1301 517 1355; x_wconf 89' lang='lat' dir='ltr'><strong>incendii</strong></span> <span class='ocrx_word' id='word_1_110' title='bbox 529 1300 646 1353; x_wconf 87' lang='lat' dir='ltr'><strong>libenter</strong></span> <span class='ocrx_word' id='word_1_111' title='bbox 657 1300 805 1354; x_wconf 91' lang='lat' dir='ltr'><strong>intuemur.</strong></span> <span class='ocrx_word' id='word_1_112' title='bbox 814 1301 936 1354; x_wconf 88' lang='lat' dir='ltr'><strong>Necdum</strong></span> <span class='ocrx_word' id='word_1_113' title='bbox 949 1301 1033 1355; x_wconf 92' lang='lat' dir='ltr'><strong>corda</strong></span> <span class='ocrx_word' id='word_1_114' title='bbox 1044 1301 1175 1357; x_wconf 85' lang='lat' dir='ltr'><strong>lavimus</strong></span> <span class='ocrx_word' id='word_1_115' title='bbox 1187 1318 1206 1355; x_wconf 88' lang='lat' dir='ltr'><strong>a</strong></span> <span class='ocrx_word' id='word_1_116' title='bbox 1222 1302 1344 1363; x_wconf 87' lang='lat' dir='ltr'><strong>malitia;</strong></span> <span class='ocrx_word' id='word_1_117' title='bbox 1355 1303 1456 1357; x_wconf 87' lang='lat' dir='ltr'><strong>adbucin</strong></span> 
     </span>
     <span class='ocr_line' id='line_1_23' title="bbox 236 1401 1484 1474; baseline 0 -16"><span class='ocrx_word' id='word_1_118' title='bbox 236 1405 316 1458; x_wconf 91' lang='lat' dir='ltr'><strong>nobis</strong></span> <span class='ocrx_word' id='word_1_119' title='bbox 328 1407 471 1457; x_wconf 90' lang='lat' dir='ltr'><strong>morantur</strong></span> <span class='ocrx_word' id='word_1_120' title='bbox 483 1401 661 1469; x_wconf 85' lang='lat' dir='ltr'><strong>cogitationes</strong></span> <span class='ocrx_word' id='word_1_121' title='bbox 674 1401 763 1454; x_wconf 74' lang='lat' dir='ltr'><strong>nuxia</strong></span> <span class='ocrx_word' id='word_1_122' title='bbox 772 1404 793 1454; x_wconf 71' lang='lat'><strong>⁴.</strong></span> <span class='ocrx_word' id='word_1_123' title='bbox 807 1401 893 1455; x_wconf 86' lang='lat' dir='ltr'><strong>Nemo</strong></span> <span class='ocrx_word' id='word_1_124' title='bbox 906 1406 947 1455; x_wconf 89' lang='lat' dir='ltr'><strong>est</strong></span> <span class='ocrx_word' id='word_1_125' title='bbox 962 1403 1009 1472; x_wconf 87' lang='lat' dir='ltr'><strong>qui</strong></span> <span class='ocrx_word' id='word_1_126' title='bbox 1030 1402 1109 1456; x_wconf 87' lang='lat' dir='ltr'><strong>dicat</strong></span> <span class='ocrx_word' id='word_1_127' title='bbox 1119 1403 1170 1457; x_wconf 83' lang='lat' dir='ltr'><strong>vei</strong></span> <span class='ocrx_word' id='word_1_128' title='bbox 1184 1404 1272 1458; x_wconf 81' lang='lat' dir='ltr'><strong>saciat</strong></span> <span class='ocrx_word' id='word_1_129' title='bbox 1285 1405 1359 1473; x_wconf 87' lang='lat' dir='ltr'><strong>quod</strong></span> <span class='ocrx_word' id='word_1_130' title='bbox 1370 1405 1484 1474; x_wconf 75' lang='lat' dir='ltr'><strong>aitprctt</strong></span> 
     </span>
     <span class='ocr_line' id='line_1_24' title="bbox 235 1501 1457 1573; baseline 0.002 -17"><span class='ocrx_word' id='word_1_131' title='bbox 235 1503 336 1572; x_wconf 91' lang='lat' dir='ltr'><strong>pheta:</strong></span> <span class='ocrx_word' id='word_1_132' title='bbox 347 1504 456 1555; x_wconf 78' lang='lat' dir='ltr'><strong>Lavabo</strong></span> <span class='ocrx_word' id='word_1_133' title='bbox 467 1505 539 1555; x_wconf 79' lang='lat' dir='ltr'><strong>inter</strong></span> <span class='ocrx_word' id='word_1_134' title='bbox 550 1504 702 1554; x_wconf 64' lang='lat' dir='ltr'><strong>innascentes</strong></span> <span class='ocrx_word' id='word_1_135' title='bbox 714 1518 813 1554; x_wconf 83' lang='lat' dir='ltr'><strong>manua</strong></span> <span class='ocrx_word' id='word_1_136' title='bbox 824 1518 904 1554; x_wconf 70' lang='lat' dir='ltr'><strong>aneas.</strong></span> <span class='ocrx_word' id='word_1_137' title='bbox 916 1501 970 1555; x_wconf 88' lang='lat' dir='ltr'><strong>Sed</strong></span> <span class='ocrx_word' id='word_1_138' title='bbox 981 1502 1075 1555; x_wconf 89' lang='lat' dir='ltr'><strong>adhuc</strong></span> <span class='ocrx_word' id='word_1_139' title='bbox 1089 1518 1199 1556; x_wconf 88' lang='lat' dir='ltr'><strong>manus</strong></span> <span class='ocrx_word' id='word_1_140' title='bbox 1212 1509 1317 1557; x_wconf 79' lang='lat' dir='ltr'><strong>nostrae</strong></span> <span class='ocrx_word' id='word_1_141' title='bbox 1329 1504 1457 1573; x_wconf 79' lang='lat' dir='ltr'><strong>plenesunt</strong></span> 
     </span>
     <span class='ocr_line' id='line_1_25' title="bbox 235 1600 1457 1672; baseline 0.002 -16"><span class='ocrx_word' id='word_1_142' title='bbox 235 1601 376 1670; x_wconf 88' lang='lat' dir='ltr'><strong>sanguine.</strong></span> <span class='ocrx_word' id='word_1_143' title='bbox 386 1601 473 1655; x_wconf 90' lang='lat' dir='ltr'><strong>Nemo</strong></span> <span class='ocrx_word' id='word_1_144' title='bbox 484 1601 562 1654; x_wconf 87' lang='lat' dir='ltr'><strong>lateri</strong></span> <span class='ocrx_word' id='word_1_145' title='bbox 575 1600 658 1654; x_wconf 87' lang='lat' dir='ltr'><strong>audet</strong></span> <span class='ocrx_word' id='word_1_146' title='bbox 670 1619 676 1653; x_wconf 92' lang='lat'>:</span> <span class='ocrx_word' id='word_1_147' title='bbox 686 1601 844 1668; x_wconf 81' lang='lat' dir='ltr'><strong>Luaipedea</strong></span> <span class='ocrx_word' id='word_1_148' title='bbox 855 1604 1076 1669; x_wconf 67' lang='lat' dir='ltr'><strong>managamma</strong></span> <span class='ocrx_word' id='word_1_149' title='bbox 1086 1604 1251 1672; x_wconf 73' lang='lat' dir='ltr'><strong>inquinabo</strong></span> <span class='ocrx_word' id='word_1_150' title='bbox 1259 1602 1382 1657; x_wconf 69' lang='lat' dir='ltr'><strong>eastsed</strong></span> <span class='ocrx_word' id='word_1_151' title='bbox 1391 1604 1457 1657; x_wconf 83' lang='lat' dir='ltr'><strong>adbuc</strong></span> 
     </span>
     <span class='ocr_line' id='line_1_26' title="bbox 235 1699 1457 1771; baseline 0.002 -16"><span class='ocrx_word' id='word_1_152' title='bbox 235 1702 330 1755; x_wconf 90' lang='lat' dir='ltr'><strong>sordes</strong></span> <span class='ocrx_word' id='word_1_153' title='bbox 340 1701 367 1754; x_wconf 95' lang='lat' dir='ltr'><strong>in</strong></span> <span class='ocrx_word' id='word_1_154' title='bbox 380 1700 495 1769; x_wconf 88' lang='lat' dir='ltr'><strong>pedibus</strong></span> <span class='ocrx_word' id='word_1_155' title='bbox 505 1701 614 1753; x_wconf 88' lang='lat' dir='ltr'><strong>nostris.</strong></span> <span class='ocrx_word' id='word_1_156' title='bbox 624 1699 698 1752; x_wconf 88' lang='lat' dir='ltr'><strong>Heu!</strong></span> <span class='ocrx_word' id='word_1_157' title='bbox 709 1699 776 1754; x_wconf 91' lang='lat' dir='ltr'><strong>heu!</strong></span> <span class='ocrx_word' id='word_1_158' title='bbox 787 1701 887 1754; x_wconf 87' lang='lat' dir='ltr'><strong>mater!</strong></span> <span class='ocrx_word' id='word_1_159' title='bbox 897 1704 979 1769; x_wconf 87' lang='lat' dir='ltr'><strong>caput</strong></span> <span class='ocrx_word' id='word_1_160' title='bbox 990 1705 1070 1755; x_wconf 91' lang='lat' dir='ltr'><strong>tuum</strong></span> <span class='ocrx_word' id='word_1_161' title='bbox 1082 1701 1258 1771; x_wconf 86' lang='lat' dir='ltr'><strong>languidum</strong></span> <span class='ocrx_word' id='word_1_162' title='bbox 1268 1708 1296 1756; x_wconf 91' lang='lat' dir='ltr'><strong>et</strong></span> <span class='ocrx_word' id='word_1_163' title='bbox 1306 1718 1457 1757; x_wconf 77' lang='lat' dir='ltr'><strong>cormarcus</strong></span> 
     </span>
     <span class='ocr_line' id='line_1_27' title="bbox 235 1797 1458 1869; baseline 0.003 -16"><span class='ocrx_word' id='word_1_164' title='bbox 235 1801 258 1853; x_wconf 88' lang='grc' dir='ltr'>Α</span> <span class='ocrx_word' id='word_1_165' title='bbox 271 1800 365 1869; x_wconf 90' lang='lat' dir='ltr'><strong>planta</strong></span> <span class='ocrx_word' id='word_1_166' title='bbox 377 1799 454 1867; x_wconf 91' lang='lat' dir='ltr'><strong>pedis</strong></span> <span class='ocrx_word' id='word_1_167' title='bbox 466 1799 505 1852; x_wconf 91' lang='lat' dir='ltr'><strong>tui</strong></span> <span class='ocrx_word' id='word_1_168' title='bbox 517 1797 648 1866; x_wconf 87' lang='lat' dir='ltr'><strong>usquead</strong></span> <span class='ocrx_word' id='word_1_169' title='bbox 659 1798 789 1852; x_wconf 80' lang='lat' dir='ltr'><strong>verticem</strong></span> <span class='ocrx_word' id='word_1_170' title='bbox 804 1815 859 1852; x_wconf 91' lang='lat' dir='ltr'><strong>non</strong></span> <span class='ocrx_word' id='word_1_171' title='bbox 871 1805 913 1852; x_wconf 90' lang='lat' dir='ltr'><strong>cst</strong></span> <span class='ocrx_word' id='word_1_172' title='bbox 925 1799 991 1853; x_wconf 90' lang='lat' dir='ltr'><strong>inte</strong></span> <span class='ocrx_word' id='word_1_173' title='bbox 1003 1801 1121 1855; x_wconf 87' lang='lat' dir='ltr'><strong>sanitas.</strong></span> <span class='ocrx_word' id='word_1_174' title='bbox 1131 1801 1218 1855; x_wconf 85' lang='lat' dir='ltr'><strong>lleu!</strong></span> <span class='ocrx_word' id='word_1_175' title='bbox 1229 1807 1330 1867; x_wconf 89' lang='lat' dir='ltr'><strong>mater,</strong></span> <span class='ocrx_word' id='word_1_176' title='bbox 1341 1804 1458 1857; x_wconf 82' lang='lat' dir='ltr'><strong>auatlrenr</strong></span> 
     </span>
     <span class='ocr_line' id='line_1_28' title="bbox 235 1897 1486 1973; baseline 0.003 -20"><span class='ocrx_word' id='word_1_177' title='bbox 235 1900 299 1953; x_wconf 92' lang='lat' dir='ltr'><strong>etin</strong></span> <span class='ocrx_word' id='word_1_178' title='bbox 310 1899 398 1973; x_wconf 85' lang='lat' dir='ltr'><strong>capite</strong></span> <span class='ocrx_word' id='word_1_179' title='bbox 407 1904 434 1952; x_wconf 90' lang='lat' dir='ltr'><strong>et</strong></span> <span class='ocrx_word' id='word_1_180' title='bbox 448 1899 475 1951; x_wconf 92' lang='lat' dir='ltr'><strong>in</strong></span> <span class='ocrx_word' id='word_1_181' title='bbox 484 1898 576 1951; x_wconf 91' lang='lat' dir='ltr'><strong>medio</strong></span> <span class='ocrx_word' id='word_1_182' title='bbox 588 1898 637 1962; x_wconf 91' lang='lat' dir='ltr'><strong>tui,</strong></span> <span class='ocrx_word' id='word_1_183' title='bbox 647 1903 674 1951; x_wconf 91' lang='lat' dir='ltr'><strong>et</strong></span> <span class='ocrx_word' id='word_1_184' title='bbox 683 1897 822 1966; x_wconf 74' lang='lat' dir='ltr'><strong>genimina</strong></span> <span class='ocrx_word' id='word_1_185' title='bbox 831 1899 986 1967; x_wconf 87' lang='lat' dir='ltr'><strong>viperarum</strong></span> <span class='ocrx_word' id='word_1_186' title='bbox 997 1903 1024 1952; x_wconf 90' lang='lat' dir='ltr'><strong>et</strong></span> <span class='ocrx_word' id='word_1_187' title='bbox 1033 1900 1172 1970; x_wconf 91' lang='lat' dir='ltr'><strong>aspidum</strong></span> <span class='ocrx_word' id='word_1_188' title='bbox 1184 1902 1215 1955; x_wconf 89' lang='lat' dir='ltr'><strong>in</strong></span> <span class='ocrx_word' id='word_1_189' title='bbox 1226 1906 1326 1956; x_wconf 83' lang='lat' dir='ltr'><strong>uentre</strong></span> <span class='ocrx_word' id='word_1_190' title='bbox 1334 1907 1386 1956; x_wconf 90' lang='lat' dir='ltr'><strong>tuo.</strong></span> <span class='ocrx_word' id='word_1_191' title='bbox 1394 1902 1486 1970; x_wconf 76' lang='lat' dir='ltr'><strong>Quanti</strong></span> 
     </span>
     <span class='ocr_line' id='line_1_29' title="bbox 235 1999 1460 2069; baseline 0.007 -18"><span class='ocrx_word' id='word_1_192' title='bbox 235 2014 290 2051; x_wconf 91' lang='lat' dir='ltr'><strong>non</strong></span> <span class='ocrx_word' id='word_1_193' title='bbox 303 1999 415 2053; x_wconf 89' lang='lat' dir='ltr'><strong>eniteris</strong></span> <span class='ocrx_word' id='word_1_194' title='bbox 432 2004 463 2054; x_wconf 92' lang='lat' dir='ltr'><strong>ut</strong></span> <span class='ocrx_word' id='word_1_195' title='bbox 482 2016 621 2069; x_wconf 78' lang='lat' dir='ltr'><strong>expugnes</strong></span> <span class='ocrx_word' id='word_1_196' title='bbox 638 2002 652 2029; x_wconf 73' lang='lat'><strong>⁹</strong></span> <span class='ocrx_word' id='word_1_197' title='bbox 669 2005 697 2053; x_wconf 92' lang='lat' dir='ltr'><strong>et</strong></span> <span class='ocrx_word' id='word_1_198' title='bbox 714 2001 837 2054; x_wconf 85' lang='lat' dir='ltr'><strong>excutias</strong></span> <span class='ocrx_word' id='word_1_199' title='bbox 852 2017 901 2054; x_wconf 89' lang='lat' dir='ltr'><strong>eos</strong></span> <span class='ocrx_word' id='word_1_200' title='bbox 920 2001 967 2069; x_wconf 86' lang='lat' dir='ltr'><strong>qui</strong></span> <span class='ocrx_word' id='word_1_201' title='bbox 987 2001 1077 2056; x_wconf 85' lang='lat' dir='ltr'><strong>latera</strong></span> <span class='ocrx_word' id='word_1_202' title='bbox 1096 2008 1149 2057; x_wconf 89' lang='lat' dir='ltr'><strong>tua</strong></span> <span class='ocrx_word' id='word_1_203' title='bbox 1170 2003 1323 2067; x_wconf 89' lang='lat' dir='ltr'><strong>collidunt,</strong></span> <span class='ocrx_word' id='word_1_204' title='bbox 1342 2006 1460 2059; x_wconf 81' lang='lat' dir='ltr'><strong>conodnt</strong></span> 
     </span>
     <span class='ocr_line' id='line_1_30' title="bbox 235 2097 1460 2172; baseline 0.007 -24"><span class='ocrx_word' id='word_1_205' title='bbox 235 2097 340 2150; x_wconf 82' lang='lat' dir='ltr'><strong>viscera</strong></span> <span class='ocrx_word' id='word_1_206' title='bbox 349 2103 377 2152; x_wconf 88' lang='lat' dir='ltr'><strong>et</strong></span> <span class='ocrx_word' id='word_1_207' title='bbox 389 2103 415 2151; x_wconf 88' lang='lat' dir='ltr'><strong>te</strong></span> <span class='ocrx_word' id='word_1_208' title='bbox 425 2102 512 2152; x_wconf 89' lang='lat' dir='ltr'><strong>totam</strong></span> <span class='ocrx_word' id='word_1_209' title='bbox 522 2098 656 2167; x_wconf 89' lang='lat' dir='ltr'><strong>dissipant</strong></span> <span class='ocrx_word' id='word_1_210' title='bbox 668 2102 695 2152; x_wconf 89' lang='lat' dir='ltr'><strong>et</strong></span> <span class='ocrx_word' id='word_1_211' title='bbox 707 2098 915 2152; x_wconf 82' lang='lat' dir='ltr'><strong>excruciantur?</strong></span> <span class='ocrx_word' id='word_1_212' title='bbox 926 2099 988 2162; x_wconf 76' lang='lat' dir='ltr'><strong>but,</strong></span> <span class='ocrx_word' id='word_1_213' title='bbox 1000 2100 1023 2153; x_wconf 92' lang='lat' dir='ltr'><strong>si</strong></span> <span class='ocrx_word' id='word_1_214' title='bbox 1035 2116 1095 2154; x_wconf 91' lang='lat' dir='ltr'><strong>non</strong></span> <span class='ocrx_word' id='word_1_215' title='bbox 1105 2106 1204 2170; x_wconf 73' lang='lat' dir='ltr'><strong>potes</strong></span> <span class='ocrx_word' id='word_1_216' title='bbox 1217 2119 1309 2172; x_wconf 89' lang='lat' dir='ltr'><strong>quare</strong></span> <span class='ocrx_word' id='word_1_217' title='bbox 1321 2119 1374 2157; x_wconf 93' lang='lat' dir='ltr'><strong>non</strong></span> <span class='ocrx_word' id='word_1_218' title='bbox 1385 2103 1460 2157; x_wconf 74' lang='lat' dir='ltr'><strong>ciana</strong></span> 
     </span>
     <span class='ocr_line' id='line_1_31' title="bbox 235 2186 1460 2267; baseline 0.007 -21"><span class='ocrx_word' id='word_1_219' title='bbox 235 2199 265 2247; x_wconf 92' lang='lat' dir='ltr'><strong>ut</strong></span> <span class='ocrx_word' id='word_1_220' title='bbox 287 2195 461 2263; x_wconf 81' lang='lat' dir='ltr'><strong>parturiens?</strong></span> <span class='ocrx_word' id='word_1_221' title='bbox 483 2186 573 2263; x_wconf 85' lang='lat' dir='ltr'><strong>Quare</strong></span> <span class='ocrx_word' id='word_1_222' title='bbox 594 2211 650 2249; x_wconf 91' lang='lat' dir='ltr'><strong>non</strong></span> <span class='ocrx_word' id='word_1_223' title='bbox 668 2195 828 2249; x_wconf 79' lang='lat' dir='ltr'><strong>vociferaris</strong></span> <span class='ocrx_word' id='word_1_224' title='bbox 847 2196 882 2248; x_wconf 87' lang='lat' dir='ltr'><strong>ad</strong></span> <span class='ocrx_word' id='word_1_225' title='bbox 901 2212 1033 2265; x_wconf 88' lang='lat' dir='ltr'><strong>sponsum</strong></span> <span class='ocrx_word' id='word_1_226' title='bbox 1053 2202 1150 2261; x_wconf 92' lang='lat' dir='ltr'><strong>tuum,</strong></span> <span class='ocrx_word' id='word_1_227' title='bbox 1170 2199 1224 2267; x_wconf 89' lang='lat' dir='ltr'><strong>qui</strong></span> <span class='ocrx_word' id='word_1_228' title='bbox 1236 2200 1390 2254; x_wconf 85' lang='lat' dir='ltr'><strong>castitatem</strong></span> <span class='ocrx_word' id='word_1_229' title='bbox 1408 2206 1460 2253; x_wconf 81' lang='lat' dir='ltr'><strong>turn</strong></span> 
     </span>
     <span class='ocr_line' id='line_1_32' title="bbox 234 2292 1461 2364; baseline 0.006 -18"><span class='ocrx_word' id='word_1_230' title='bbox 234 2292 311 2359; x_wconf 86' lang='lat' dir='ltr'><strong>zelat,</strong></span> <span class='ocrx_word' id='word_1_231' title='bbox 319 2299 351 2348; x_wconf 92' lang='lat' dir='ltr'><strong>nt</strong></span> <span class='ocrx_word' id='word_1_232' title='bbox 359 2300 438 2348; x_wconf 90' lang='lat' dir='ltr'><strong>eruat</strong></span> <span class='ocrx_word' id='word_1_233' title='bbox 449 2300 475 2348; x_wconf 88' lang='lat' dir='ltr'><strong>te</strong></span> <span class='ocrx_word' id='word_1_234' title='bbox 485 2296 520 2348; x_wconf 89' lang='lat' dir='ltr'><strong>ab</strong></span> <span class='ocrx_word' id='word_1_235' title='bbox 533 2295 635 2364; x_wconf 87' lang='lat' dir='ltr'><strong>iniquis</strong></span> <span class='ocrx_word' id='word_1_236' title='bbox 645 2301 672 2349; x_wconf 88' lang='lat' dir='ltr'><strong>et</strong></span> <span class='ocrx_word' id='word_1_237' title='bbox 681 2295 792 2358; x_wconf 89' lang='lat' dir='ltr'><strong>dolosis,</strong></span> <span class='ocrx_word' id='word_1_238' title='bbox 801 2299 829 2348; x_wconf 90' lang='lat' dir='ltr'><strong>et</strong></span> <span class='ocrx_word' id='word_1_239' title='bbox 840 2295 906 2364; x_wconf 88' lang='lat' dir='ltr'><strong>ipse,</strong></span> <span class='ocrx_word' id='word_1_240' title='bbox 915 2298 993 2362; x_wconf 77' lang='lat' dir='ltr'><strong>euius</strong></span> <span class='ocrx_word' id='word_1_241' title='bbox 1005 2313 1095 2351; x_wconf 90' lang='lat' dir='ltr'><strong>manu</strong></span> <span class='ocrx_word' id='word_1_242' title='bbox 1104 2298 1320 2353; x_wconf 78' lang='lat' dir='ltr'><strong>obstetricante</strong></span> <span class='ocrx_word' id='word_1_243' title='bbox 1329 2300 1461 2353; x_wconf 72' lang='lat' dir='ltr'><strong>educimut</strong></span> 
     </span>
     <span class='ocr_line' id='line_1_33' title="bbox 233 2389 1488 2464; baseline 0.004 -19"><span class='ocrx_word' id='word_1_244' title='bbox 233 2392 347 2446; x_wconf 91' lang='lat' dir='ltr'><strong>coluber</strong></span> <span class='ocrx_word' id='word_1_245' title='bbox 358 2398 508 2457; x_wconf 89' lang='lat' dir='ltr'><strong>tortuosus,</strong></span> <span class='ocrx_word' id='word_1_246' title='bbox 517 2394 644 2448; x_wconf 84' lang='lat' dir='ltr'><strong>exturbet</strong></span> <span class='ocrx_word' id='word_1_247' title='bbox 654 2397 668 2424; x_wconf 73' lang='lat'><strong>⁹</strong></span> <span class='ocrx_word' id='word_1_248' title='bbox 677 2393 780 2448; x_wconf 88' lang='lat' dir='ltr'><strong>bestias</strong></span> <span class='ocrx_word' id='word_1_249' title='bbox 789 2389 992 2464; x_wconf 74' lang='lat' dir='ltr'><strong>discerpentes·</strong></span> <span class='ocrx_word' id='word_1_250' title='bbox 1006 2400 1033 2448; x_wconf 90' lang='lat' dir='ltr'><strong>te</strong></span> <span class='ocrx_word' id='word_1_251' title='bbox 1046 2396 1082 2450; x_wconf 90' lang='lat' dir='ltr'><strong>de</strong></span> <span class='ocrx_word' id='word_1_252' title='bbox 1092 2401 1182 2451; x_wconf 89' lang='lat' dir='ltr'><strong>utero</strong></span> <span class='ocrx_word' id='word_1_253' title='bbox 1196 2398 1277 2452; x_wconf 84' lang='lat' dir='ltr'><strong>tuo?</strong></span> <span class='ocrx_word' id='word_1_254' title='bbox 1470 2400 1488 2450; x_wconf 75' lang='grc' dir='ltr'>Ι</span> 
     </span>
    </p>

    <p class='ocr_par' dir='ltr' id='par_1_9' title="bbox 232 2490 1492 4055">
     <span class='ocr_line' id='line_1_34' title="bbox 277 2490 1462 2559; baseline 0.003 -12"><span class='ocrx_word' id='word_1_255' title='bbox 277 2492 310 2549; x_wconf 81' lang='lat'><strong>7.</strong></span> <span class='ocrx_word' id='word_1_256' title='bbox 330 2491 463 2559; x_wconf 78' lang='lat' dir='ltr'><strong>ignoscite</strong></span> <span class='ocrx_word' id='word_1_257' title='bbox 487 2491 566 2555; x_wconf 88' lang='lat' dir='ltr'><strong>mihi,</strong></span> <span class='ocrx_word' id='word_1_258' title='bbox 589 2506 698 2544; x_wconf 89' lang='lat' dir='ltr'><strong>sorores</strong></span> <span class='ocrx_word' id='word_1_259' title='bbox 721 2490 876 2554; x_wconf 79' lang='lat' dir='ltr'><strong>carissimu,</strong></span> <span class='ocrx_word' id='word_1_260' title='bbox 900 2507 1011 2546; x_wconf 88' lang='lat' dir='ltr'><strong>causam</strong></span> <span class='ocrx_word' id='word_1_261' title='bbox 1035 2492 1265 2549; x_wconf 88' lang='lat' dir='ltr'><strong>inconsolabilis</strong></span> <span class='ocrx_word' id='word_1_262' title='bbox 1290 2496 1402 2550; x_wconf 73' lang='lat' dir='ltr'><strong>tristitia</strong></span> <span class='ocrx_word' id='word_1_263' title='bbox 1415 2511 1462 2550; x_wconf 67' lang='lat' dir='ltr'><strong>nu</strong></span> 
     </span>
     <span class='ocr_line' id='line_1_35' title="bbox 234 2589 1461 2661; baseline 0.002 -17"><span class='ocrx_word' id='word_1_264' title='bbox 234 2590 314 2644; x_wconf 84' lang='lat' dir='ltr'><strong>vobis</strong></span> <span class='ocrx_word' id='word_1_265' title='bbox 325 2589 453 2643; x_wconf 73' lang='lat' dir='ltr'><strong>flebiliter</strong></span> <span class='ocrx_word' id='word_1_266' title='bbox 462 2589 618 2658; x_wconf 81' lang='lat' dir='ltr'><strong>exponenti,</strong></span> <span class='ocrx_word' id='word_1_267' title='bbox 627 2595 656 2644; x_wconf 89' lang='lat' dir='ltr'><strong>et</strong></span> <span class='ocrx_word' id='word_1_268' title='bbox 667 2590 845 2643; x_wconf 87' lang='lat' dir='ltr'><strong>acerbitatem</strong></span> <span class='ocrx_word' id='word_1_269' title='bbox 858 2590 1020 2657; x_wconf 87' lang='lat' dir='ltr'><strong>sagittarum</strong></span> <span class='ocrx_word' id='word_1_270' title='bbox 1031 2589 1158 2645; x_wconf 90' lang='lat' dir='ltr'><strong>districti</strong></span> <span class='ocrx_word' id='word_1_271' title='bbox 1169 2591 1289 2658; x_wconf 75' lang='lat' dir='ltr'><strong>indicis,</strong></span> <span class='ocrx_word' id='word_1_272' title='bbox 1299 2610 1361 2661; x_wconf 78' lang='lat' dir='ltr'><strong>quie</strong></span> <span class='ocrx_word' id='word_1_273' title='bbox 1372 2592 1461 2646; x_wconf 79' lang='lat' dir='ltr'><strong>mitian</strong></span> 
     </span>
     <span class='ocr_line' id='line_1_36' title="bbox 233 2688 1462 2761; baseline 0 -18"><span class='ocrx_word' id='word_1_274' title='bbox 233 2690 365 2744; x_wconf 85' lang='lat' dir='ltr'><strong>adversus</strong></span> <span class='ocrx_word' id='word_1_275' title='bbox 376 2705 435 2752; x_wconf 86' lang='lat' dir='ltr'><strong>nos,</strong></span> <span class='ocrx_word' id='word_1_276' title='bbox 443 2689 625 2757; x_wconf 85' lang='lat' dir='ltr'><strong>exaggeranti,</strong></span> <span class='ocrx_word' id='word_1_277' title='bbox 635 2695 662 2741; x_wconf 89' lang='lat' dir='ltr'><strong>et</strong></span> <span class='ocrx_word' id='word_1_278' title='bbox 672 2705 721 2757; x_wconf 90' lang='lat' dir='ltr'><strong>per</strong></span> <span class='ocrx_word' id='word_1_279' title='bbox 730 2693 825 2741; x_wconf 85' lang='lat' dir='ltr'><strong>nostra</strong></span> <span class='ocrx_word' id='word_1_280' title='bbox 833 2688 953 2742; x_wconf 88' lang='lat' dir='ltr'><strong>lumenta</strong></span> <span class='ocrx_word' id='word_1_281' title='bbox 967 2704 1016 2741; x_wconf 91' lang='lat' dir='ltr'><strong>vos</strong></span> <span class='ocrx_word' id='word_1_282' title='bbox 1028 2689 1065 2742; x_wconf 91' lang='lat' dir='ltr'><strong>ad</strong></span> <span class='ocrx_word' id='word_1_283' title='bbox 1076 2690 1208 2758; x_wconf 88' lang='lat' dir='ltr'><strong>gemitus</strong></span> <span class='ocrx_word' id='word_1_284' title='bbox 1222 2696 1252 2745; x_wconf 91' lang='lat' dir='ltr'><strong>et</strong></span> <span class='ocrx_word' id='word_1_285' title='bbox 1264 2694 1384 2760; x_wconf 85' lang='lat' dir='ltr'><strong>suspiria</strong></span> <span class='ocrx_word' id='word_1_286' title='bbox 1391 2708 1462 2761; x_wconf 81' lang='lat' dir='ltr'><strong>prom</strong></span> 
     </span>
     <span class='ocr_line' id='line_1_37' title="bbox 233 2788 1463 2856; baseline 0.001 -13"><span class='ocrx_word' id='word_1_287' title='bbox 233 2791 314 2843; x_wconf 91' lang='lat' dir='ltr'><strong>canti.</strong></span> <span class='ocrx_word' id='word_1_288' title='bbox 327 2791 425 2842; x_wconf 84' lang='lat' dir='ltr'><strong>Fateor</strong></span> <span class='ocrx_word' id='word_1_289' title='bbox 437 2789 509 2842; x_wconf 88' lang='lat' dir='ltr'><strong>eninr</strong></span> <span class='ocrx_word' id='word_1_290' title='bbox 523 2789 586 2856; x_wconf 85' lang='lat' dir='ltr'><strong>quia</strong></span> <span class='ocrx_word' id='word_1_291' title='bbox 597 2789 705 2841; x_wconf 85' lang='lat' dir='ltr'><strong>seduxit</strong></span> <span class='ocrx_word' id='word_1_292' title='bbox 718 2804 762 2840; x_wconf 89' lang='lat' dir='ltr'><strong>me</strong></span> <span class='ocrx_word' id='word_1_293' title='bbox 776 2789 909 2841; x_wconf 90' lang='lat' dir='ltr'><strong>Dominus</strong></span> <span class='ocrx_word' id='word_1_294' title='bbox 931 2793 958 2840; x_wconf 91' lang='lat' dir='ltr'><strong>et</strong></span> <span class='ocrx_word' id='word_1_295' title='bbox 969 2788 1104 2841; x_wconf 89' lang='lat' dir='ltr'><strong>seductus</strong></span> <span class='ocrx_word' id='word_1_296' title='bbox 1118 2805 1205 2853; x_wconf 87' lang='lat' dir='ltr'><strong>sun1;</strong></span> <span class='ocrx_word' id='word_1_297' title='bbox 1225 2790 1331 2844; x_wconf 77' lang='lat' dir='ltr'><strong>fortior</strong></span> <span class='ocrx_word' id='word_1_298' title='bbox 1341 2808 1384 2844; x_wconf 88' lang='lat' dir='ltr'><strong>me</strong></span> <span class='ocrx_word' id='word_1_299' title='bbox 1397 2792 1463 2844; x_wconf 80' lang='lat' dir='ltr'><strong>luitet</strong></span> 
     </span>
     <span class='ocr_line' id='line_1_38' title="bbox 234 2875 1492 2957; baseline 0.002 -14"><span class='ocrx_word' id='word_1_300' title='bbox 234 2887 357 2952; x_wconf 85' lang='lat' dir='ltr'><strong>invaluit,</strong></span> <span class='ocrx_word' id='word_1_301' title='bbox 367 2894 397 2941; x_wconf 93' lang='lat' dir='ltr'><strong>ut</strong></span> <span class='ocrx_word' id='word_1_302' title='bbox 406 2892 427 2949; x_wconf 58' lang='lat' dir='ltr'><strong>t,</strong></span> <span class='ocrx_word' id='word_1_303' title='bbox 441 2905 502 2940; x_wconf 85' lang='lat' dir='ltr'><strong>cum</strong></span> <span class='ocrx_word' id='word_1_304' title='bbox 513 2888 582 2941; x_wconf 92' lang='lat' dir='ltr'><strong>mihi</strong></span> <span class='ocrx_word' id='word_1_305' title='bbox 595 2875 746 2941; x_wconf 85' lang='lat' dir='ltr'><strong>beneesset</strong></span> <span class='ocrx_word' id='word_1_306' title='bbox 759 2888 830 2956; x_wconf 91' lang='lat' dir='ltr'><strong>apud</strong></span> <span class='ocrx_word' id='word_1_307' title='bbox 842 2904 890 2940; x_wconf 81' lang='lat' dir='ltr'><strong>vos</strong></span> <span class='ocrx_word' id='word_1_308' title='bbox 903 2892 929 2940; x_wconf 89' lang='lat' dir='ltr'><strong>ct</strong></span> <span class='ocrx_word' id='word_1_309' title='bbox 939 2888 1044 2955; x_wconf 89' lang='lat' dir='ltr'><strong>optime</strong></span> <span class='ocrx_word' id='word_1_310' title='bbox 1058 2887 1198 2952; x_wconf 85' lang='lat' dir='ltr'><strong>Turonis,</strong></span> <span class='ocrx_word' id='word_1_311' title='bbox 1210 2891 1290 2944; x_wconf 89' lang='lat' dir='ltr'><strong>inter</strong></span> <span class='ocrx_word' id='word_1_312' title='bbox 1300 2892 1492 2957; x_wconf 79' lang='lat' dir='ltr'><strong>iratresmajctt</strong></span> 
     </span>
     <span class='ocr_line' id='line_1_39' title="bbox 233 2987 1463 3056; baseline -0.001 -14"><span class='ocrx_word' id='word_1_313' title='bbox 233 2990 270 3042; x_wconf 92' lang='lat' dir='ltr'><strong>ris</strong></span> <span class='ocrx_word' id='word_1_314' title='bbox 282 2989 401 3042; x_wconf 77' lang='lat' dir='ltr'><strong>ecclesiae</strong></span> <span class='ocrx_word' id='word_1_315' title='bbox 411 2992 425 3017; x_wconf 73' lang='lat'><strong>⁴*</strong></span> <span class='ocrx_word' id='word_1_316' title='bbox 437 2988 495 3053; x_wconf 83' lang='lat' dir='ltr'><strong>(ubi</strong></span> <span class='ocrx_word' id='word_1_317' title='bbox 510 2989 535 3040; x_wconf 92' lang='lat' dir='ltr'><strong>in</strong></span> <span class='ocrx_word' id='word_1_318' title='bbox 544 3004 610 3056; x_wconf 88' lang='lat' dir='ltr'><strong>pace</strong></span> <span class='ocrx_word' id='word_1_319' title='bbox 623 2992 649 3040; x_wconf 91' lang='lat' dir='ltr'><strong>et</strong></span> <span class='ocrx_word' id='word_1_320' title='bbox 662 2987 831 3041; x_wconf 84' lang='lat' dir='ltr'><strong>exultatione</strong></span> <span class='ocrx_word' id='word_1_321' title='bbox 841 2989 930 3040; x_wconf 85' lang='lat' dir='ltr'><strong>factus</strong></span> <span class='ocrx_word' id='word_1_322' title='bbox 942 2992 1000 3040; x_wconf 92' lang='lat' dir='ltr'><strong>erat</strong></span> <span class='ocrx_word' id='word_1_323' title='bbox 1012 2987 1092 3040; x_wconf 88' lang='lat' dir='ltr'><strong>locus</strong></span> <span class='ocrx_word' id='word_1_324' title='bbox 1105 2989 1215 3054; x_wconf 87' lang='lat' dir='ltr'><strong>meus),</strong></span> <span class='ocrx_word' id='word_1_325' title='bbox 1225 2991 1348 3044; x_wconf 87' lang='lat' dir='ltr'><strong>inscium</strong></span> <span class='ocrx_word' id='word_1_326' title='bbox 1359 3008 1399 3044; x_wconf 85' lang='lat' dir='ltr'><strong>me</strong></span> <span class='ocrx_word' id='word_1_327' title='bbox 1407 2990 1463 3043; x_wconf 80' lang='lat' dir='ltr'><strong>ralu-</strong></span> 
     </span>
     <span class='ocr_line' id='line_1_40' title="bbox 234 3086 1464 3145; baseline -0.001 -4"><span class='ocrx_word' id='word_1_328' title='bbox 234 3093 307 3141; x_wconf 88' lang='lat' dir='ltr'><strong>ceret</strong></span> <span class='ocrx_word' id='word_1_329' title='bbox 319 3088 353 3140; x_wconf 88' lang='lat' dir='ltr'><strong>ad</strong></span> <span class='ocrx_word' id='word_1_330' title='bbox 366 3088 532 3140; x_wconf 88' lang='lat' dir='ltr'><strong>sorbendum</strong></span> <span class='ocrx_word' id='word_1_331' title='bbox 547 3087 659 3140; x_wconf 88' lang='lat' dir='ltr'><strong>calicem</strong></span> <span class='ocrx_word' id='word_1_332' title='bbox 678 3086 749 3139; x_wconf 84' lang='lat' dir='ltr'><strong>fellis</strong></span> <span class='ocrx_word' id='word_1_333' title='bbox 768 3092 795 3139; x_wconf 90' lang='lat' dir='ltr'><strong>et</strong></span> <span class='ocrx_word' id='word_1_334' title='bbox 816 3086 946 3139; x_wconf 78' lang='lat' dir='ltr'><strong>absinthii</strong></span> <span class='ocrx_word' id='word_1_335' title='bbox 959 3089 981 3145; x_wconf 69' lang='lat'><strong>⁴,</strong></span> <span class='ocrx_word' id='word_1_336' title='bbox 994 3092 1145 3139; x_wconf 81' lang='lat' dir='ltr'><strong>revocaret</strong></span> <span class='ocrx_word' id='word_1_337' title='bbox 1169 3089 1205 3141; x_wconf 89' lang='lat' dir='ltr'><strong>ad</strong></span> <span class='ocrx_word' id='word_1_338' title='bbox 1231 3089 1390 3143; x_wconf 85' lang='lat' dir='ltr'><strong>tolerandas</strong></span> <span class='ocrx_word' id='word_1_339' title='bbox 1404 3091 1464 3143; x_wconf 80' lang='lat' dir='ltr'><strong>iiras.</strong></span> 
     </span>
     <span class='ocr_line' id='line_1_41' title="bbox 233 3185 1464 3258; baseline -0.002 -17"><span class='ocrx_word' id='word_1_340' title='bbox 233 3188 400 3256; x_wconf 86' lang='lat' dir='ltr'><strong>improperia</strong></span> <span class='ocrx_word' id='word_1_341' title='bbox 422 3193 448 3240; x_wconf 89' lang='lat' dir='ltr'><strong>et</strong></span> <span class='ocrx_word' id='word_1_342' title='bbox 472 3188 702 3240; x_wconf 85' lang='lat' dir='ltr'><strong>subsannationes</strong></span> <span class='ocrx_word' id='word_1_343' title='bbox 715 3192 741 3239; x_wconf 89' lang='lat' dir='ltr'><strong>et</strong></span> <span class='ocrx_word' id='word_1_344' title='bbox 759 3186 960 3239; x_wconf 84' lang='lat' dir='ltr'><strong>contumaciam</strong></span> <span class='ocrx_word' id='word_1_345' title='bbox 982 3185 1143 3248; x_wconf 90' lang='lat' dir='ltr'><strong>rebellium,</strong></span> <span class='ocrx_word' id='word_1_346' title='bbox 1166 3205 1297 3256; x_wconf 85' lang='lat' dir='ltr'><strong>quorum</strong></span> <span class='ocrx_word' id='word_1_347' title='bbox 1319 3190 1363 3244; x_wconf 90' lang='lat' dir='ltr'><strong>alii</strong></span> <span class='ocrx_word' id='word_1_348' title='bbox 1382 3195 1464 3258; x_wconf 88' lang='lat' dir='ltr'><strong>ponunt</strong></span> 
     </span>
     <span class='ocr_line' id='line_1_42' title="bbox 232 3285 1464 3358; baseline -0.003 -17"><span class='ocrx_word' id='word_1_349' title='bbox 232 3289 378 3341; x_wconf 80' lang='lat' dir='ltr'><strong>adversum</strong></span> <span class='ocrx_word' id='word_1_350' title='bbox 397 3305 441 3339; x_wconf 88' lang='lat' dir='ltr'><strong>me</strong></span> <span class='ocrx_word' id='word_1_351' title='bbox 454 3288 526 3339; x_wconf 63' lang='lat' dir='ltr'><strong>insila</strong></span> <span class='ocrx_word' id='word_1_352' title='bbox 544 3304 592 3354; x_wconf 88' lang='lat' dir='ltr'><strong>pro</strong></span> <span class='ocrx_word' id='word_1_353' title='bbox 611 3287 690 3340; x_wconf 88' lang='lat' dir='ltr'><strong>bonis</strong></span> <span class='ocrx_word' id='word_1_354' title='bbox 708 3287 841 3339; x_wconf 89' lang='lat' dir='ltr'><strong>etodium</strong></span> <span class='ocrx_word' id='word_1_355' title='bbox 860 3302 908 3355; x_wconf 86' lang='lat' dir='ltr'><strong>pro</strong></span> <span class='ocrx_word' id='word_1_356' title='bbox 929 3285 1075 3338; x_wconf 88' lang='lat' dir='ltr'><strong>dilectione</strong></span> <span class='ocrx_word' id='word_1_357' title='bbox 1094 3303 1174 3345; x_wconf 86' lang='lat' dir='ltr'><strong>mea,</strong></span> <span class='ocrx_word' id='word_1_358' title='bbox 1186 3287 1236 3340; x_wconf 88' lang='lat' dir='ltr'><strong>alii</strong></span> <span class='ocrx_word' id='word_1_359' title='bbox 1258 3305 1322 3342; x_wconf 82' lang='lat' dir='ltr'><strong>cuni</strong></span> <span class='ocrx_word' id='word_1_360' title='bbox 1342 3290 1464 3358; x_wconf 87' lang='lat' dir='ltr'><strong>loquuntur</strong></span> 
     </span>
     <span class='ocr_line' id='line_1_43' title="bbox 232 3385 1492 3456; baseline 0 -16"><span class='ocrx_word' id='word_1_361' title='bbox 232 3404 337 3456; x_wconf 85' lang='lat' dir='ltr'><strong>pacem.</strong></span> <span class='ocrx_word' id='word_1_362' title='bbox 357 3387 434 3440; x_wconf 87' lang='lat' dir='ltr'><strong>dolos</strong></span> <span class='ocrx_word' id='word_1_363' title='bbox 453 3388 580 3454; x_wconf 76' lang='lat' dir='ltr'><strong>cogitant,</strong></span> <span class='ocrx_word' id='word_1_364' title='bbox 599 3386 644 3439; x_wconf 90' lang='lat' dir='ltr'><strong>aiii</strong></span> <span class='ocrx_word' id='word_1_365' title='bbox 663 3386 815 3455; x_wconf 89' lang='lat' dir='ltr'><strong>impudenti</strong></span> <span class='ocrx_word' id='word_1_366' title='bbox 834 3386 924 3438; x_wconf 82' lang='lat' dir='ltr'><strong>ironic</strong></span> <span class='ocrx_word' id='word_1_367' title='bbox 942 3387 1070 3452; x_wconf 84' lang='lat' dir='ltr'><strong>ingerunt</strong></span> <span class='ocrx_word' id='word_1_368' title='bbox 1089 3385 1305 3455; x_wconf 81' lang='lat' dir='ltr'><strong>blasphemias,</strong></span> <span class='ocrx_word' id='word_1_369' title='bbox 1318 3388 1492 3456; x_wconf 74' lang='lat' dir='ltr'><strong>Quapropterti</strong></span> 
     </span>
     <span class='ocr_line' id='line_1_44' title="bbox 233 3485 1464 3556; baseline -0.002 -17"><span class='ocrx_word' id='word_1_370' title='bbox 233 3487 391 3540; x_wconf 88' lang='lat' dir='ltr'><strong>stimulante</strong></span> <span class='ocrx_word' id='word_1_371' title='bbox 405 3487 598 3554; x_wconf 82' lang='lat' dir='ltr'><strong>indignatione,</strong></span> <span class='ocrx_word' id='word_1_372' title='bbox 611 3504 671 3554; x_wconf 83' lang='lat' dir='ltr'><strong>quae</strong></span> <span class='ocrx_word' id='word_1_373' title='bbox 681 3491 710 3539; x_wconf 88' lang='lat' dir='ltr'><strong>nt</strong></span> <span class='ocrx_word' id='word_1_374' title='bbox 724 3486 792 3553; x_wconf 79' lang='lat' dir='ltr'><strong>ignis</strong></span> <span class='ocrx_word' id='word_1_375' title='bbox 810 3486 902 3538; x_wconf 87' lang='lat' dir='ltr'><strong>clausa</strong></span> <span class='ocrx_word' id='word_1_376' title='bbox 922 3486 949 3538; x_wconf 91' lang='lat' dir='ltr'><strong>in</strong></span> <span class='ocrx_word' id='word_1_377' title='bbox 961 3485 1071 3538; x_wconf 87' lang='lat' dir='ltr'><strong>assibus</strong></span> <span class='ocrx_word' id='word_1_378' title='bbox 1089 3488 1167 3540; x_wconf 86' lang='lat' dir='ltr'><strong>meis</strong></span> <span class='ocrx_word' id='word_1_379' title='bbox 1181 3495 1334 3545; x_wconf 64' lang='lat' dir='ltr'><strong>exastuat.</strong></span> <span class='ocrx_word' id='word_1_380' title='bbox 1346 3501 1464 3556; x_wconf 77' lang='lat' dir='ltr'><strong>erumpere</strong></span> 
     </span>
     <span class='ocr_line' id='line_1_45' title="bbox 232 3585 1464 3654; baseline 0.001 -15"><span class='ocrx_word' id='word_1_381' title='bbox 232 3588 358 3654; x_wconf 69' lang='lat' dir='ltr'><strong>gestiens</strong></span> <span class='ocrx_word' id='word_1_382' title='bbox 370 3591 531 3654; x_wconf 85' lang='lat' dir='ltr'><strong>conceptum</strong></span> <span class='ocrx_word' id='word_1_383' title='bbox 546 3588 670 3640; x_wconf 76' lang='lat' dir='ltr'><strong>nitereris</strong></span> <span class='ocrx_word' id='word_1_384' title='bbox 680 3602 835 3639; x_wconf 87' lang='lat' dir='ltr'><strong>sermonem</strong></span> <span class='ocrx_word' id='word_1_385' title='bbox 851 3585 921 3639; x_wconf 89' lang='lat' dir='ltr'><strong>ultra</strong></span> <span class='ocrx_word' id='word_1_386' title='bbox 935 3585 1052 3638; x_wconf 88' lang='lat' dir='ltr'><strong>retinere</strong></span> <span class='ocrx_word' id='word_1_387' title='bbox 1066 3602 1124 3638; x_wconf 88' lang='lat' dir='ltr'><strong>non</strong></span> <span class='ocrx_word' id='word_1_388' title='bbox 1140 3587 1231 3640; x_wconf 81' lang='lat' dir='ltr'><strong>valui.</strong></span> <span class='ocrx_word' id='word_1_389' title='bbox 1247 3588 1350 3642; x_wconf 81' lang='lat' dir='ltr'><strong>Plenus</strong></span> <span class='ocrx_word' id='word_1_390' title='bbox 1367 3601 1464 3653; x_wconf 73' lang='lat' dir='ltr'><strong>namque</strong></span> 
     </span>
     <span class='ocr_line' id='line_1_46' title="bbox 233 3686 1464 3754; baseline -0.001 -14"><span class='ocrx_word' id='word_1_391' title='bbox 233 3704 291 3740; x_wconf 88' lang='lat' dir='ltr'><strong>sum</strong></span> <span class='ocrx_word' id='word_1_392' title='bbox 304 3687 453 3750; x_wconf 88' lang='lat' dir='ltr'><strong>doloribus,</strong></span> <span class='ocrx_word' id='word_1_393' title='bbox 463 3692 567 3739; x_wconf 86' lang='lat' dir='ltr'><strong>coartat</strong></span> <span class='ocrx_word' id='word_1_394' title='bbox 579 3704 623 3739; x_wconf 90' lang='lat' dir='ltr'><strong>me</strong></span> <span class='ocrx_word' id='word_1_395' title='bbox 632 3687 744 3754; x_wconf 83' lang='lat' dir='ltr'><strong>spiritus</strong></span> <span class='ocrx_word' id='word_1_396' title='bbox 756 3686 825 3739; x_wconf 89' lang='lat' dir='ltr'><strong>uteri</strong></span> <span class='ocrx_word' id='word_1_397' title='bbox 839 3686 902 3747; x_wconf 91' lang='lat' dir='ltr'><strong>mei,</strong></span> <span class='ocrx_word' id='word_1_398' title='bbox 913 3691 939 3738; x_wconf 91' lang='lat' dir='ltr'><strong>et</strong></span> <span class='ocrx_word' id='word_1_399' title='bbox 950 3690 1044 3737; x_wconf 81' lang='lat' dir='ltr'><strong>venter</strong></span> <span class='ocrx_word' id='word_1_400' title='bbox 1054 3701 1137 3737; x_wconf 89' lang='lat' dir='ltr'><strong>meus</strong></span> <span class='ocrx_word' id='word_1_401' title='bbox 1148 3689 1235 3753; x_wconf 85' lang='lat' dir='ltr'><strong>quasi</strong></span> <span class='ocrx_word' id='word_1_402' title='bbox 1247 3693 1371 3741; x_wconf 89' lang='lat' dir='ltr'><strong>mustum</strong></span> <span class='ocrx_word' id='word_1_403' title='bbox 1380 3688 1464 3753; x_wconf 71' lang='lat' dir='ltr'><strong>absque</strong></span> 
     </span>
     <span class='ocr_line' id='line_1_47' title="bbox 232 3784 1463 3854; baseline -0.002 -15"><span class='ocrx_word' id='word_1_404' title='bbox 232 3786 377 3854; x_wconf 83' lang='lat' dir='ltr'><strong>spiracula,</strong></span> <span class='ocrx_word' id='word_1_405' title='bbox 398 3787 471 3853; x_wconf 87' lang='lat' dir='ltr'><strong>quod</strong></span> <span class='ocrx_word' id='word_1_406' title='bbox 485 3786 642 3854; x_wconf 69' lang='lat' dir='ltr'><strong>laguncula&lt;</strong></span> <span class='ocrx_word' id='word_1_407' title='bbox 658 3803 743 3839; x_wconf 86' lang='lat' dir='ltr'><strong>novas</strong></span> <span class='ocrx_word' id='word_1_408' title='bbox 757 3785 903 3853; x_wconf 90' lang='lat' dir='ltr'><strong>disrumpit</strong></span> <span class='ocrx_word' id='word_1_409' title='bbox 909 3806 915 3847; x_wconf 90' lang='lat'>;</span> <span class='ocrx_word' id='word_1_410' title='bbox 929 3789 955 3836; x_wconf 89' lang='lat' dir='ltr'><strong>et</strong></span> <span class='ocrx_word' id='word_1_411' title='bbox 968 3784 1074 3847; x_wconf 90' lang='lat' dir='ltr'><strong>delicio,</strong></span> <span class='ocrx_word' id='word_1_412' title='bbox 1088 3784 1165 3838; x_wconf 85' lang='lat' dir='ltr'><strong>ferre</strong></span> <span class='ocrx_word' id='word_1_413' title='bbox 1179 3802 1242 3839; x_wconf 91' lang='lat' dir='ltr'><strong>non</strong></span> <span class='ocrx_word' id='word_1_414' title='bbox 1256 3788 1399 3841; x_wconf 86' lang='lat' dir='ltr'><strong>sustinens.</strong></span> <span class='ocrx_word' id='word_1_415' title='bbox 1414 3784 1463 3838; x_wconf 72' lang='lat' dir='ltr'><strong>ltu</strong></span> 
     </span>
     <span class='ocr_line' id='line_1_48' title="bbox 233 3868 1491 3956; baseline -0.002 -18"><span class='ocrx_word' id='word_1_416' title='bbox 233 3887 366 3939; x_wconf 86' lang='lat' dir='ltr'><strong>hactenus</strong></span> <span class='ocrx_word' id='word_1_417' title='bbox 384 3889 412 3940; x_wconf 92' lang='lat' dir='ltr'><strong>in</strong></span> <span class='ocrx_word' id='word_1_418' title='bbox 430 3887 612 3939; x_wconf 81' lang='lat' dir='ltr'><strong>anraritudine</strong></span> <span class='ocrx_word' id='word_1_419' title='bbox 630 3887 729 3939; x_wconf 77' lang='lat' dir='ltr'><strong>anima</strong></span> <span class='ocrx_word' id='word_1_420' title='bbox 748 3868 816 3939; x_wconf 72' lang='lat' dir='ltr'><strong>mete</strong></span> <span class='ocrx_word' id='word_1_421' title='bbox 837 3887 945 3939; x_wconf 88' lang='lat' dir='ltr'><strong>locutus</strong></span> <span class='ocrx_word' id='word_1_422' title='bbox 963 3901 1032 3947; x_wconf 89' lang='lat' dir='ltr'><strong>sum,</strong></span> <span class='ocrx_word' id='word_1_423' title='bbox 1051 3888 1082 3936; x_wconf 92' lang='lat' dir='ltr'><strong>ut</strong></span> <span class='ocrx_word' id='word_1_424' title='bbox 1103 3885 1281 3954; x_wconf 87' lang='lat' dir='ltr'><strong>respirarem</strong></span> <span class='ocrx_word' id='word_1_425' title='bbox 1300 3886 1430 3956; x_wconf 91' lang='lat' dir='ltr'><strong>paululum</strong></span> <span class='ocrx_word' id='word_1_426' title='bbox 1444 3887 1491 3936; x_wconf 77' lang='lat' dir='ltr'><strong>ua</strong></span> 
     </span>
     <span class='ocr_line' id='line_1_49' title="bbox 233 3985 980 4055; baseline -0.004 -16"><span class='ocrx_word' id='word_1_427' title='bbox 233 3988 405 4040; x_wconf 88' lang='lat' dir='ltr'><strong>ostenderem</strong></span> <span class='ocrx_word' id='word_1_428' title='bbox 419 4004 475 4039; x_wconf 89' lang='lat' dir='ltr'><strong>non</strong></span> <span class='ocrx_word' id='word_1_429' title='bbox 487 3987 657 4055; x_wconf 77' lang='lat' dir='ltr'><strong>sapientiam,</strong></span> <span class='ocrx_word' id='word_1_430' title='bbox 670 3987 716 4038; x_wconf 90' lang='lat' dir='ltr'><strong>sed</strong></span> <span class='ocrx_word' id='word_1_431' title='bbox 730 3985 867 4038; x_wconf 86' lang='lat' dir='ltr'><strong>miseriam</strong></span> <span class='ocrx_word' id='word_1_432' title='bbox 881 4002 980 4037; x_wconf 89' lang='lat' dir='ltr'><strong>meam.</strong></span> 
     </span>
    </p>

    <p class='ocr_par' dir='ltr' id='par_1_10' title="bbox 232 4082 1487 4744">
     <span class='ocr_line' id='line_1_50' title="bbox 274 4082 1463 4153; baseline -0.009 -11"><span class='ocrx_word' id='word_1_433' title='bbox 274 4085 307 4142; x_wconf 88' lang='grc'><strong>8.</strong></span> <span class='ocrx_word' id='word_1_434' title='bbox 330 4087 414 4153; x_wconf 83' lang='lat' dir='ltr'><strong>Cujus</strong></span> <span class='ocrx_word' id='word_1_435' title='bbox 426 4085 505 4139; x_wconf 77' lang='lat' dir='ltr'><strong>nuliis</strong></span> <span class='ocrx_word' id='word_1_436' title='bbox 517 4085 687 4137; x_wconf 74' lang='lat' dir='ltr'><strong>insinuandae</strong></span> <span class='ocrx_word' id='word_1_437' title='bbox 700 4084 768 4136; x_wconf 88' lang='lat' dir='ltr'><strong>mihi</strong></span> <span class='ocrx_word' id='word_1_438' title='bbox 783 4084 834 4136; x_wconf 88' lang='lat' dir='ltr'><strong>ista</strong></span> <span class='ocrx_word' id='word_1_439' title='bbox 847 4084 899 4136; x_wconf 82' lang='lat' dir='ltr'><strong>luit</strong></span> <span class='ocrx_word' id='word_1_440' title='bbox 915 4083 992 4145; x_wconf 89' lang='lat' dir='ltr'><strong>ratio,</strong></span> <span class='ocrx_word' id='word_1_441' title='bbox 1004 4087 1035 4135; x_wconf 92' lang='lat' dir='ltr'><strong>ut</strong></span> <span class='ocrx_word' id='word_1_442' title='bbox 1054 4082 1082 4134; x_wconf 92' lang='lat' dir='ltr'><strong>in</strong></span> <span class='ocrx_word' id='word_1_443' title='bbox 1100 4083 1147 4136; x_wconf 90' lang='lat' dir='ltr'><strong>bis</strong></span> <span class='ocrx_word' id='word_1_444' title='bbox 1166 4101 1235 4152; x_wconf 72' lang='lat' dir='ltr'><strong>quae</strong></span> <span class='ocrx_word' id='word_1_445' title='bbox 1256 4085 1373 4138; x_wconf 83' lang='lat' dir='ltr'><strong>lecimus</strong></span> <span class='ocrx_word' id='word_1_446' title='bbox 1389 4098 1430 4136; x_wconf 77' lang='lat' dir='ltr'><strong>noe</strong></span> <span class='ocrx_word' id='word_1_447' title='bbox 1445 4086 1463 4132; x_wconf 86' lang='lat' dir='ltr'><strong>ct</strong></span> 
     </span>
     <span class='ocr_line' id='line_1_51' title="bbox 233 4179 1462 4255; baseline -0.007 -16"><span class='ocrx_word' id='word_1_448' title='bbox 233 4185 403 4255; x_wconf 80' lang='lat' dir='ltr'><strong>pertulimus,</strong></span> <span class='ocrx_word' id='word_1_449' title='bbox 421 4183 486 4250; x_wconf 92' lang='lat' dir='ltr'><strong>quid</strong></span> <span class='ocrx_word' id='word_1_450' title='bbox 504 4187 638 4250; x_wconf 88' lang='lat' dir='ltr'><strong>appetere,</strong></span> <span class='ocrx_word' id='word_1_451' title='bbox 656 4180 721 4249; x_wconf 84' lang='lat' dir='ltr'><strong>quid</strong></span> <span class='ocrx_word' id='word_1_452' title='bbox 740 4181 843 4233; x_wconf 83' lang='lat' dir='ltr'><strong>evitare</strong></span> <span class='ocrx_word' id='word_1_453' title='bbox 863 4185 890 4232; x_wconf 88' lang='lat' dir='ltr'><strong>ct</strong></span> <span class='ocrx_word' id='word_1_454' title='bbox 908 4180 971 4248; x_wconf 83' lang='lat' dir='ltr'><strong>quid</strong></span> <span class='ocrx_word' id='word_1_455' title='bbox 991 4196 1040 4247; x_wconf 89' lang='lat' dir='ltr'><strong>pro</strong></span> <span class='ocrx_word' id='word_1_456' title='bbox 1053 4179 1196 4248; x_wconf 87' lang='lat' dir='ltr'><strong>qualitate</strong></span> <span class='ocrx_word' id='word_1_457' title='bbox 1210 4186 1328 4235; x_wconf 89' lang='lat' dir='ltr'><strong>actuum</strong></span> <span class='ocrx_word' id='word_1_458' title='bbox 1342 4184 1462 4248; x_wconf 81' lang='lat' dir='ltr'><strong>expectare</strong></span> 
     </span>
     <span class='ocr_line' id='line_1_52' title="bbox 233 4276 1461 4351; baseline -0.008 -14"><span class='ocrx_word' id='word_1_459' title='bbox 233 4284 365 4346; x_wconf 86' lang='lat' dir='ltr'><strong>debeatis,</strong></span> <span class='ocrx_word' id='word_1_460' title='bbox 375 4286 500 4351; x_wconf 87' lang='lat' dir='ltr'><strong>patenter</strong></span> <span class='ocrx_word' id='word_1_461' title='bbox 513 4281 677 4349; x_wconf 70' lang='lat' dir='ltr'><strong>intelligatis</strong></span> <span class='ocrx_word' id='word_1_462' title='bbox 687 4280 803 4333; x_wconf 86' lang='lat' dir='ltr'><strong>scientes</strong></span> <span class='ocrx_word' id='word_1_463' title='bbox 813 4278 994 4348; x_wconf 88' lang='lat' dir='ltr'><strong>proculdubio</strong></span> <span class='ocrx_word' id='word_1_464' title='bbox 1005 4278 1070 4347; x_wconf 87' lang='lat' dir='ltr'><strong>quia</strong></span> <span class='ocrx_word' id='word_1_465' title='bbox 1090 4278 1264 4348; x_wconf 87' lang='lat' dir='ltr'><strong>religionem</strong></span> <span class='ocrx_word' id='word_1_466' title='bbox 1275 4276 1461 4349; x_wconf 78' lang='lat' dir='ltr'><strong>professisordi·</strong></span> 
     </span>
     <span class='ocr_line' id='line_1_53' title="bbox 233 4376 1487 4448; baseline -0.005 -15"><span class='ocrx_word' id='word_1_467' title='bbox 233 4383 276 4434; x_wconf 91' lang='lat' dir='ltr'><strong>nis</strong></span> <span class='ocrx_word' id='word_1_468' title='bbox 287 4381 465 4448; x_wconf 86' lang='lat' dir='ltr'><strong>transgressio</strong></span> <span class='ocrx_word' id='word_1_469' title='bbox 475 4379 631 4431; x_wconf 86' lang='lat' dir='ltr'><strong>nullatenus</strong></span> <span class='ocrx_word' id='word_1_470' title='bbox 642 4378 776 4444; x_wconf 86' lang='lat' dir='ltr'><strong>impunita</strong></span> <span class='ocrx_word' id='word_1_471' title='bbox 788 4377 942 4430; x_wconf 89' lang='lat' dir='ltr'><strong>donabitur.</strong></span> <span class='ocrx_word' id='word_1_472' title='bbox 952 4376 1073 4429; x_wconf 90' lang='lat' dir='ltr'><strong>Obsecro</strong></span> <span class='ocrx_word' id='word_1_473' title='bbox 1084 4381 1184 4430; x_wconf 90' lang='lat' dir='ltr'><strong>autem</strong></span> <span class='ocrx_word' id='word_1_474' title='bbox 1198 4378 1348 4448; x_wconf 86' lang='lat' dir='ltr'><strong>humiliter</strong></span> <span class='ocrx_word' id='word_1_475' title='bbox 1356 4376 1487 4444; x_wconf 73' lang='lat' dir='ltr'><strong>quamnti</strong></span> 
     </span>
     <span class='ocr_line' id='line_1_54' title="bbox 233 4475 1460 4546; baseline -0.009 -13"><span class='ocrx_word' id='word_1_476' title='bbox 233 4482 292 4546; x_wconf 87' lang='lat' dir='ltr'><strong>ejus</strong></span> <span class='ocrx_word' id='word_1_477' title='bbox 305 4479 488 4541; x_wconf 89' lang='lat' dir='ltr'><strong>clementiam,</strong></span> <span class='ocrx_word' id='word_1_478' title='bbox 500 4478 546 4546; x_wconf 91' lang='lat' dir='ltr'><strong>qui</strong></span> <span class='ocrx_word' id='word_1_479' title='bbox 557 4478 629 4544; x_wconf 85' lang='lat' dir='ltr'><strong>juste</strong></span> <span class='ocrx_word' id='word_1_480' title='bbox 652 4478 776 4530; x_wconf 87' lang='lat' dir='ltr'><strong>irascitur</strong></span> <span class='ocrx_word' id='word_1_481' title='bbox 796 4481 823 4529; x_wconf 92' lang='lat' dir='ltr'><strong>et</strong></span> <span class='ocrx_word' id='word_1_482' title='bbox 843 4477 993 4529; x_wconf 86' lang='lat' dir='ltr'><strong>clementer</strong></span> <span class='ocrx_word' id='word_1_483' title='bbox 1004 4475 1183 4543; x_wconf 87' lang='lat' dir='ltr'><strong>propitiatur,</strong></span> <span class='ocrx_word' id='word_1_484' title='bbox 1207 4483 1236 4530; x_wconf 92' lang='lat' dir='ltr'><strong>et</strong></span> <span class='ocrx_word' id='word_1_485' title='bbox 1259 4478 1286 4531; x_wconf 90' lang='lat' dir='ltr'><strong>in</strong></span> <span class='ocrx_word' id='word_1_486' title='bbox 1310 4475 1460 4531; x_wconf 78' lang='lat' dir='ltr'><strong>tribulatione</strong></span> 
     </span>
     <span class='ocr_line' id='line_1_55' title="bbox 232 4574 1457 4647; baseline -0.008 -15"><span class='ocrx_word' id='word_1_487' title='bbox 232 4585 343 4647; x_wconf 88' lang='lat' dir='ltr'><strong>peccata</strong></span> <span class='ocrx_word' id='word_1_488' title='bbox 355 4579 477 4643; x_wconf 87' lang='lat' dir='ltr'><strong>dimittit,</strong></span> <span class='ocrx_word' id='word_1_489' title='bbox 485 4576 816 4644; x_wconf 86' lang='lat' dir='ltr'><strong>instanterdcprecemini,</strong></span> <span class='ocrx_word' id='word_1_490' title='bbox 824 4576 952 4642; x_wconf 85' lang='lat' dir='ltr'><strong>quatinus</strong></span> <span class='ocrx_word' id='word_1_491' title='bbox 962 4575 1116 4628; x_wconf 87' lang='lat' dir='ltr'><strong>secundum</strong></span> <span class='ocrx_word' id='word_1_492' title='bbox 1126 4575 1345 4630; x_wconf 89' lang='lat' dir='ltr'><strong>multitudinem</strong></span> <span class='ocrx_word' id='word_1_493' title='bbox 1357 4574 1457 4628; x_wconf 84' lang='lat' dir='ltr'><strong>doiurun</strong></span> 
     </span>
     <span class='ocr_line' id='line_1_56' title="bbox 233 4674 1455 4744; baseline -0.01 -11"><span class='ocrx_word' id='word_1_494' title='bbox 233 4696 356 4733; x_wconf 83' lang='lat' dir='ltr'><strong>nieorum</strong></span> <span class='ocrx_word' id='word_1_495' title='bbox 376 4678 402 4729; x_wconf 92' lang='lat' dir='ltr'><strong>in</strong></span> <span class='ocrx_word' id='word_1_496' title='bbox 414 4679 494 4730; x_wconf 86' lang='lat' dir='ltr'><strong>corde</strong></span> <span class='ocrx_word' id='word_1_497' title='bbox 513 4694 584 4741; x_wconf 71' lang='lat' dir='ltr'><strong>niet),</strong></span> <span class='ocrx_word' id='word_1_498' title='bbox 597 4676 815 4729; x_wconf 81' lang='lat' dir='ltr'><strong>consolationum</strong></span> <span class='ocrx_word' id='word_1_499' title='bbox 836 4675 1036 4743; x_wconf 86' lang='lat' dir='ltr'><strong>multiplicitate</strong></span> <span class='ocrx_word' id='word_1_500' title='bbox 1046 4674 1194 4728; x_wconf 69' lang='lat' dir='ltr'><strong>laetificare</strong></span> <span class='ocrx_word' id='word_1_501' title='bbox 1214 4676 1345 4744; x_wconf 86' lang='lat' dir='ltr'><strong>dignetur</strong></span> <span class='ocrx_word' id='word_1_502' title='bbox 1361 4674 1455 4727; x_wconf 85' lang='lat' dir='ltr'><strong>animan</strong></span> 
     </span>
    </p>
   </div>
   <div class='ocr_carea' id='block_1_8' title="bbox 0 0 1628 5392">
    <p class='ocr_par' dir='ltr' id='par_1_11' title="bbox 0 0 1628 5392">
     <span class='ocr_line' id='line_1_57' title="bbox 0 0 1628 5392; baseline 0 1"><span class='ocrx_word' id='word_1_503' title='bbox 0 0 1628 5392; x_wconf 95' lang='lat' dir='ltr'><strong> </strong></span> 
     </span>
    </p>
   </div>
  </div>
 </body>
</html>
