3142 5392
168 310 239 385 949
503 328 628 380 curun.
656 327 758 379 cono.
785 310 1068 378 morocnnrrnn.

267 523 331 596 93ο
356 520 487 594 Passio
516 526 552 593 et
577 519 663 592 Vita
690 520 726 593 S.
745 519 986 594 Pantaleonis
1008 520 1203 614 martvris
1219 523 1297 614 (fol.
1313 525 1350 597 91

316 638 429 728 llll).

201 767 295 823 Passio
307 767 383 820 haud
395 764 528 819 absimilis
545 764 582 817 ab
598 781 639 827 ea,
651 781 712 833 quae
721 764 795 818 edita
807 769 849 818 est
859 770 917 819 turn
927 765 1000 834 apud
1009 765 1225 830 diombritium,
1236 771 1301 821 tum.
1312 767 1356 831 ΙΙΙ

168 870 195 920 in
208 868 373 921 Bibliotheca
384 866 534 928 castrensi,
546 868 612 917 tom.
622 863 668 927 ΙΙΙ,
677 863 813 932 Florilegii
824 880 849 932 p.
860 864 910 917 916
921 880 980 932 sqq.

267 968 331 1040 940
358 965 456 1057 [Vita
491 966 527 1038 S.
558 963 738 1037 Bonifncii
777 964 1041 1057 archiepiscopi
1074 965 1308 1061 Mogontini}
1332 970 1356 1059 (l

315 1080 532 1172 err-eoo).

200 1212 262 1265 Vita
281 1215 393 1265 auctore
409 1209 536 1273 Othlone,
560 1209 633 1263 editu
649 1224 691 1276 ap.
716 1207 853 1267 Mabillon.
875 1212 933 1263 Act.
954 1211 1001 1263 SS.
1021 1211 1052 1263 0.
1071 1212 1102 1264 S.
1119 1212 1356 1282 13.,sec.111‚pau

167 1328 192 1378 p.
204 1310 288 1363 9887.
297 1337 331 1348 -
342 1309 393 1362 Sed
407 1308 508 1361 omissa
520 1311 562 1361 est
570 1306 669 1375 duplex
680 1306 796 1375 epistola
805 1306 1021 1376 zachariaeque
1031 1308 1102 1362 ibid.
1114 1308 1225 1380 legitur
1234 1328 1279 1381 pp.
1288 1312 1356 1371 furt

267 1410 331 1483 95ο
356 1409 528 1501 Legenda
578 1408 613 1481 S.
655 1407 818 1481 Severini
864 1407 1133 1504 archiepiscopi
1183 1410 1356 1486 Colonien

317 1525 393 1617 (fol.
413 1524 625 1628 2562262‘).

201 1655 241 1707 De
250 1654 302 1707 hac
313 1620 435 1722 legenda,
445 1653 552 1706 diversa
561 1652 596 1705 ab
609 1669 642 1706 ea
650 1669 711 1721 quae
721 1653 794 1706 edita
806 1657 848 1707 est
859 1654 887 1707 in
897 1658 956 1708 Aet.
965 1654 1022 1720 88„
1031 1658 1103 1709 tom.
1115 1654 1142 1709 X
1152 1655 1356 1723 Octobr7elrjl

168 1770 192 1821 p.
202 1754 243 1817 56,
252 1769 327 1806 num.
337 1752 375 1815 18,
385 1757 412 1806 et
421 1768 446 1820 p.
454 1752 495 1815 60,
504 1755 597 1805 annot.
610 1769 635 1815 α,
652 1753 674 1804 b.
692 1751 799 1804 —vita
817 1751 918 1806 codicis
936 1752 1062 1805 continet
1073 1753 1150 1807 Aeta
1169 1754 1283 1809 concilii
1294 1754 1356 1823 Agri

169 1852 260 1904 nensis
273 1851 338 1904 anni
346 1852 403 1913 346,
416 1851 450 1904 de
462 1866 517 1918 quo
527 1848 599 1912 ibid.
609 1853 675 1903 tom.
687 1848 723 1902 ΙΙΙ
733 1849 852 1915 Octobr„
863 1867 889 1919 p.
897 1850 947 1904 899
955 1867 1014 1919 sqq.
1023 1850 1087 1907 Vid.
1097 1853 1235 1922 Append.

497 2335 700 2446 Appendix
725 2333 880 2422 ednod.
907 2335 1071 2426 428-42.

402 2596 440 2640 nr
460 2597 485 2640 s.
509 2597 654 2642 quornm.
677 2577 753 2660 (Cir.
776 2597 884 2660 supra,
906 2597 979 2661 pag.
1000 2580 1074 2655 mo,
1100 2582 1185 2663 10⁰.)

555 2787 771 2847 miraculum
793 2791 826 2848 S.
848 2787 1008 2848 Martini.

216 2993 245 3048 1.
268 2993 336 3047 Cum
347 2991 428 3060 igitur
434 2990 580 3044 Martinum
589 3006 673 3044 sacrve
680 2991 795 3044 dulcedo
807 2991 961 3046 solitudinis
972 2992 1078 3046 affatim
1089 2995 1266 3051 vendicaret
1279 2999 1356 3067 proxi

171 3105 232 3142 rum
245 3094 339 3142 tamen
347 3085 555 3140 necessitatibus
573 3085 802 3149 condescendens,
814 3086 913 3155 saepius
924 3087 1031 3157 prodire
1046 3087 1076 3141 in
1089 3089 1240 3157 publicum
1259 3092 1356 3162 cogens

171 3188 235 3240 Erat
246 3186 320 3240 enim
332 3201 413 3238 suum
426 3183 535 3237 Martini
550 3183 732 3251 apostolicum
750 3183 830 3238 illud:
842 3186 903 3238 Sive
914 3193 998 3239 mente
1010 3188 1171 3242 excedimus
1183 3191 1253 3257 Dee,
1262 3194 1318 3245 cire
1327 3208 1356 3245 ec

169 3287 351 3340 renuntietis.
369 3284 421 3336 Per
437 3283 605 3336 Bituricense
619 3282 700 3351 igitur
711 3283 880 3337 territorium
894 3283 944 3337 iter
956 3283 1107 3352 aliquando
1120 3287 1232 3343 faciens
1250 3289 1356 3344 devenit

170 3387 271 3448 vicum,
284 3383 328 3436 cui
339 3398 373 3436 er
383 3385 484 3435 eventu
493 3380 617 3434 miraculi
630 3397 733 3435 nomen
743 3383 860 3449 Leproei
868 3381 983 3436 inditum
995 3388 1045 3437 est
1053 3383 1198 3441 Dominus
1207 3389 1346 3457 siquidem

170 3483 242 3536 illius
254 3487 313 3537 erat
324 3479 495 3534 honorabilis
505 3484 533 3532 et
541 3479 626 3545 dives,
638 3480 686 3532 sed
698 3479 830 3549 leprosus.
843 3481 910 3534 Cum
923 3480 1005 3548 igitur
1016 3481 1115 3536 beatus
1123 3483 1269 3541 Martinus
1280 3488 1316 3542 ad
1326 3504 1356 3542 ω

170 3581 240 3633 eiam
257 3579 344 3634 sancti
355 3579 457 3632 Silvani
475 3579 607 3633 orationis
624 3596 708 3633 causa
725 3580 887 3646 divertisset,
904 3598 961 3635 non
978 3582 1052 3636 enirn
1071 3581 1265 3640 irreverenter
1282 3587 1356 3641 eccle

169 3679 306 3746 praeterire
318 3681 505 3742 consueverat,
515 3678 542 3731 in
552 3677 611 3746 ipso
620 3695 704 3732 secrae
712 3679 778 3732 aedis
787 3679 900 3734 introitu
910 3680 1052 3734 dominum
1062 3683 1261 3751 supradictum
1271 3686 1356 3756 leproe

169 3777 291 3830 offendit.
303 3776 434 3829 Martinus
451 3780 575 3829 maturus
592 3775 758 3845 ingreditur3
777 3793 859 3846 porro
877 3777 921 3831 ille
939 3778 1081 3846 egrediens
1101 3782 1234 3849 agnoscit
1256 3784 1356 3838 hunce

169 3875 323 3939 Martinam,
335 3873 411 3928 illum
421 3874 639 3944 signipotentem,
650 3874 727 3929 illum
742 3875 963 3945 archipresulem
973 3877 1117 3932 Turonicae
1129 3880 1219 3945 urbis,
1228 3883 1356 3954 magnific

170 3981 197 4026 et
216 3973 364 4043 gloriosum
383 3973 482 4038 virum,
501 3973 536 4026 ed
551 3973 629 4042 cujus
646 3974 791 4043 imperium
809 3973 885 4028 nulla
895 3975 1056 4029 morborum
1069 3992 1174 4045 genera
1186 3996 1247 4034 non
1259 3987 1356 4037 curant

170 4072 217 4139 qui
226 4071 395 4125 etmortibus
404 4071 520 4140 imperet
528 4075 556 4125 et
564 4072 652 4141 lepre,
660 4088 715 4140 qua
721 4073 779 4140 ipse
785 4071 936 4138 laborabat,
944 4073 1003 4127 solo
1012 4073 1139 4128 medetur
1146 4077 1356 4135 osculortnimv

170 4170 252 4237 igitur
267 4169 456 4238 magnitudine
474 4169 525 4223 viri
537 4173 565 4224 et
581 4186 748 4240 praesumens
768 4170 802 4224 de
821 4171 953 4239 potentia.
965 4170 1052 4225 servis
1071 4172 1129 4226 suis
1146 4190 1237 4244 prope
1255 4180 1356 4234 astanti

170 4282 256 4334 equos
268 4271 295 4321 et
306 4266 425 4321 famulos
437 4267 532 4320 domni
544 4267 652 4321 Martini
663 4266 771 4320 interim
782 4266 860 4335 jubet
877 4268 913 4322 ad
932 4268 1046 4321 domurn
1064 4268 1175 4336 deduci,
1193 4272 1298 4329 instrui
1318 4293 1356 4330 cot

170 4367 245 4418 vium
257 4367 324 4420 tanti
335 4366 451 4434 hospitis
460 4366 624 4435 condignum
636 4365 803 4420 reverentie.
812 4366 873 4436 lpse
883 4383 947 4420 vero
960 4383 1022 4420 cum
1032 4367 1127 4422 multis
1135 4385 1190 4438 pro
1200 4373 1314 4429 foribus
1322 4392 1356 4447 eq

169 4465 226 4517 suri
237 4465 445 4534 praestolahatur
454 4466 610 4520 adventum.
623 4466 730 4519 lntereu
741 4465 881 4529 Martinus,
890 4470 919 4519 ut
928 4481 1036 4535 semper
1048 4466 1282 4536 frequentissimo
1295 4475 1356 4529 dieti

170 4563 259 4617 lorum
272 4564 499 4632 sanctissimoque
517 4564 649 4618 comitatu
666 4565 844 4633 constipatus,
864 4565 899 4618 ab
918 4565 976 4618 rede
988 4581 1066 4619 secra
1078 4569 1229 4636 egreditur.
1250 4573 1304 4629 Cui
1320 4581 1348 4630 et

170 4662 284 4731 genibus
303 4663 464 4734 provolutus
487 4663 600 4733 supplex
618 4667 721 4728 exorat,
744 4666 775 4717 ut
795 4664 877 4717 adse
900 4664 1057 4733 hospitandi
1077 4667 1169 4736 gratia
1194 4670 1336 4730 divertere
1352 4692 1356 4729 1
