3142 5392
169 305 241 379 266
503 324 629 378 curua.
655 324 758 378 cono.
783 325 1061 380 uunrounurrrrc.

169 513 269 570 Christi
279 514 429 570 Pontianus
440 514 469 569 in
479 515 589 569 hostem
598 519 736 578 amantum
748 515 838 584 puniri
850 519 948 584 potest,
959 517 1085 586 superari
1096 524 1192 575 nescit.
1199 519 1339 594 &numm

169 618 222 677 tur,
233 613 325 684 palma
336 613 469 683 triumphi
479 618 634 668 coronatur.
646 613 716 667 Nam
732 612 843 668 hostem
852 613 998 670 moriendo
1016 616 1172 685 dertnoere,
1186 625 1308 690 manyrm
1316 627 1341 678 u

168 712 332 782 triumphus.
351 713 579 768 consummatum
596 717 638 767 est
654 717 745 766 autern
759 713 921 782 martyrium
937 714 1046 770 decimo
1064 731 1141 771 nono
1158 717 1342 777 dethmaro

169 811 369 868 februariarum
381 832 387 876 ;
406 829 505 882 corpus
514 828 623 882 quoque
635 812 694 881 ejus
705 828 722 866 a
734 812 888 867 christiania
899 813 1038 870 sublatum
1048 816 1209 873 earumdem
1216 818 1344 874 Iamiam

169 909 215 966 die
223 911 319 979 quinto
334 911 441 966 decimo
452 911 599 981 sepulturae
610 911 826 966 commendatur.
1353 926 1364 979 r

212 1008 245 1065 7.
267 1008 320 1063 Sed
338 1024 411 1062 anno
421 1007 571 1062 Dominicae
588 1007 785 1062 incarnationis
801 1008 1008 1077 nongentesImo
1025 1012 1201 1081 sexagesimo
1216 1019 1289 1077 sexto.
1302 1029 1348 1069 amr

170 1124 237 1163 rero
248 1107 388 1162 tricesimo
400 1104 489 1174 primo
501 1103 578 1174 regni
589 1103 705 1166 Ottonis,
716 1103 823 1173 Imperii
839 1110 946 1173 quarto,
957 1105 1012 1161 hoc
1027 1106 1104 1162 idem
1121 1124 1220 1179 corpus
1235 1109 1296 1165 beati
1306 1109 1350 1165 Pon

170 1206 238 1261 tiani
249 1205 385 1274 martyris,
396 1202 499 1258 scilicet
516 1201 616 1257 Ottone
633 1203 797 1271 imperatore
815 1201 912 1257 Roma
929 1205 1036 1270 effecto,
1047 1205 1084 1259 ab
1095 1205 1177 1261 ltalia
1184 1207 1214 1262 iu
1223 1206 1352 1263 mmm

171 1305 275 1359 victore
295 1318 414 1366 reverso,
433 1301 568 1370 perlatum
586 1305 628 1355 est
649 1299 784 1369 Treiecto,
801 1300 929 1356 videlicet
947 1302 992 1372 pio
1012 1303 1139 1372 prresulis
1158 1304 1283 1361 Balderid
1294 1305 1354 1361 aab

172 1401 345 1471 acquisitum.
363 1399 416 1468 Qui
433 1398 592 1467 huiusmodi
609 1400 739 1454 affectum
753 1400 810 1454 Deo
828 1400 945 1470 propitio
960 1401 1088 1471 perduxit
1104 1403 1141 1457 ad
1159 1403 1305 1474 proiectum
1315 1404 1356 1460 bnt
1379 1402 1382 1407 ’

173 1500 230 1555 voti
242 1516 355 1568 compos
367 1498 450 1552 talem
462 1514 589 1552 unacum
601 1498 658 1551 suis
669 1498 829 1552 thesaurum
842 1498 889 1552 diu
900 1499 1085 1555 desideratum
1094 1501 1220 1572 adeptus,
1227 1502 1356 1572 curngandb

173 1597 318 1654 ethonore
329 1595 479 1666 suscipiens
490 1595 562 1649 intra
572 1595 735 1665 pontificalis
746 1595 818 1649 sedis
833 1596 925 1650 aulam
940 1597 1048 1662 locavit,
1059 1598 1109 1652 ubi
1120 1615 1193 1654 nunc
1205 1599 1358 1664 colitnnrrar

174 1701 257 1761 ratur,
265 1697 410 1750 invocatur
418 1710 435 1747 a
444 1693 578 1748 fidelibus.
594 1693 649 1748 Nos
661 1693 742 1762 igitur
753 1694 812 1762 eius
822 1696 978 1764 passionem
990 1696 1152 1762 recolentes,
1160 1697 1359 1769 Ioemmquedieu

174 1794 344 1862 celebrantes
359 1808 408 1861 per
425 1791 509 1860 ipsius
526 1790 655 1861 suffragia
672 1792 736 1846 vitre
752 1808 908 1862 queramus
924 1793 1054 1849 remedia
1070 1794 1147 1850 Voce
1167 1795 1360 1866 supplicidhrdn

176 1894 299 1950 dicamus
310 1891 379 1945 :Pro
397 1890 477 1945 nobis
495 1894 559 1945 tuus
573 1890 673 1960 jugiter
689 1896 785 1946 exoret
801 1891 960 1958 Pontianus,
970 1897 1002 1947 ut
1017 1893 1097 1961 cuius
1113 1893 1232 1949 colimus
1242 1894 1361 1966 patrocinia,

176 1992 235 2060 ejus
252 2004 408 2043 mereamur
424 1992 452 2043 et
468 1988 571 2042 habere
587 1989 729 2058 praesidia;
746 2005 796 2044 nec
817 1989 974 2046 dubitemus
994 2007 1043 2061 per
1060 1991 1157 2047 militis
1173 1992 1282 2063 gloriam
1292 1970 1362 2047 Μ

175 2088 247 2158 regis
257 2086 407 2156 promereri
419 2087 542 2156 gratiam.
555 2087 615 2156 lpse
626 2092 718 2142 autem
728 2093 832 2156 martyr
843 2092 871 2143 et
881 2088 961 2144 miles
978 2089 1080 2145 Christi
1099 2091 1250 2146 Pontianus
1259 2107 1301 2162 pro
1308 2088 1363 2145 nob

176 2191 275 2242 utnon
287 2190 374 2240 cesset
390 2201 511 2249 exorare,
529 2185 579 2240 tibi
591 2185 697 2240 Christe
714 2187 906 2257 supplicamus,
923 2188 983 2255 ejus
999 2193 1030 2243 ut
1046 2190 1205 2244 veneranda
1220 2187 1363 2259 passiouob'n

177 2285 226 2340 flet
236 2288 409 2354 peccatorum
421 2266 554 2338 remissio.
565 2283 645 2351 Quod
656 2290 750 2339 nostra
761 2284 841 2340 nobis
850 2284 985 2355 denegant
993 2286 1117 2352 crimina,
1129 2287 1183 2342 hoc
1195 2286 1271 2341 nobis
1279 2285 1362 2356 upudtr

179 2385 238 2452 eius
255 2383 397 2437 obtineant
414 2382 520 2442 merita,
532 2398 605 2437 nunc
615 2383 651 2437 ab
662 2382 743 2437 hoste
755 2383 905 2451 victoriam,
918 2384 990 2438 vitiis
1001 2384 1150 2451 medelam,
1160 2386 1258 2440 aalma
1265 2385 1390 2443 salutent!

177 2483 263 2537 uitam
275 2497 386 2550 quoque
394 2485 456 2551 post
464 2480 601 2535 tumulum
618 2497 766 2551 perennem
784 2482 874 2552 largiri
886 2482 997 2552 dignare
1009 2484 1048 2538 tui
1060 2482 1363 2559 amputaremus

178 2579 300 2650 quicum
312 2579 392 2634 Patre
403 2584 431 2633 et
441 2579 542 2649 Spiritu
554 2585 648 2634 sancto
660 2580 730 2635 vivis
742 2585 770 2635 et
781 2596 885 2651 regnas.
897 2581 994 2636 Amen

438 3163 526 3250 XX.
560 3161 681 3249 Godox
705 3164 887 3272 signatus
911 3180 956 3246 n⁰
984 3159 1145 3252 582-89.

213 3406 352 3462 Foliorum
361 3406 417 3469 tlt,
424 3405 520 3459 formu
528 3403 673 3459 mediocris
682 3404 736 3471 (οω,
742 3404 775 3456 32
783 3410 808 3461 ><
815 3405 860 3470 0³¹,
866 3403 918 3469 21),
927 3403 1057 3457 columna
1065 3401 1175 3473 duplici,
1183 3401 1260 3457 liueis
1267 3392 1362 3471 graphiie

181 3506 310 3576 plumbea
319 3505 414 3570 ductis,
424 3509 551 3558 exaratus
563 3502 660 3557 lilteris
669 3501 785 3570 gothicis
798 3507 914 3556 exeunte
926 3500 1018 3556 seculo
1030 3500 1103 3555 XIII.

214 3603 297 3658 Tituli
306 3603 391 3657 minIo
404 3602 516 3656 exarati.
527 3601 636 3655 Litterae
647 3599 766 3654 initiales
777 3599 897 3668 capitum
914 3598 987 3669 (qum
997 3599 1160 3669 plerumque
1170 3599 1272 3654 nullum
1287 3591 1363 3651 titulun

180 3719 236 3773 prae
253 3719 283 3758 se
299 3702 400 3767 ierunt)
417 3706 444 3755 et
460 3701 578 3768 maj0res
590 3700 669 3755 initio
685 3698 855 3769 singularum
864 3698 987 3752 Vitarum
999 3697 1117 3753 coeruleo
1128 3714 1160 3753 ac
1172 3698 1253 3753 rubro
1264 3689 1364 3751 mtorbu

180 3803 272 3856 tiuctae
288 3807 316 3856 et
332 3802 431 3866 sobrie,
442 3801 490 3855 sed
508 3817 564 3855 non
581 3799 748 3870 ineleganter
766 3799 981 3855 involutionibus
998 3803 1101 3854 ornata
1119 3798 1242 3866 ejusdem
1260 3794 1367 3856 utu'fltlle

181 3900 288 3966 coloris,
300 3901 390 3955 miuus
401 3904 494 3954 tamen
506 3899 598 3963 vividi
606 3903 688 3968 atque
700 3899 895 3970 appendicibus
905 3915 967 3968 quae
978 3901 1065 3952 totam
1083 3895 1225 3951 columna
1235 3889 1369 3950 altitutlilem

182 3998 327 4068 attingunt.

215 4097 246 4150 In
256 4096 378 4165 margine
389 4094 523 4164 superiori
532 4093 589 4149 lolii
598 4093 678 4163 primi
687 4092 823 4162 adscripta
831 4097 873 4149 est
880 4109 965 4148 manu
973 4092 1076 4147 recenti
1084 4091 1144 4147 haec
1152 4097 1233 4147 nota:
1241 4086 1374 4146 niumm

183 4195 343 4249 Niaellmaia
354 4193 408 4262 (vel
420 4193 600 4259 Nioeltensia).

215 4293 314 4349 Totum
327 4293 450 4348 codicem
462 4292 600 4360 complent
608 4290 675 4344 Vitae
684 4290 805 4356 Petrum,
814 4306 932 4360 quorum
939 4289 997 4359 jam
1009 4289 1141 4344 elenchus
1152 4290 1281 4361 sequitur.

284 4527 320 4597 1⁰
344 4525 429 4598 Vita
445 4524 482 4598 S.
500 4522 605 4597 Pauli
621 4520 731 4615 primi
747 4520 937 4596 heremitae
954 4520 1033 4614 (fol.
1055 4523 1170 4615 126¹).

215 4661 278 4715 Vita
289 4666 401 4715 auctore
413 4661 439 4715 S.
450 4651 627 4728 Hieronymo,
636 4660 710 4715 edIta
722 4659 795 4729 apud
807 4658 903 4728 Iligne,
916 4659 944 4713 P.
953 4658 992 4722 Ia,
1003 4662 1070 4713 tom.
1083 4658 1178 4725 XXIII,
1188 4676 1214 4730 p.
1227 4660 1301 4714 1738
