3142 5392
191 284 264 357 598
527 274 655 362 erran.
681 274 786 362 cono.
811 310 1094 364 rnorooarrnm.

357 495 599 576 Verumtamen,
625 503 661 563 ut
685 499 764 582 ipsis
787 500 895 565 verbis
923 499 1079 567 Historiae
1110 502 1306 568 Francorum
1331 512 1390 573 utar.

356 614 449 659 amor
455 595 590 678 justitiae
604 602 637 662 et
648 599 745 663 timor
760 599 829 678 Dei,
840 619 970 683 quem...

225 709 253 763 P.
278 711 333 771 116,
356 726 405 779 pro
434 712 466 766 iis
491 730 552 782 quae
580 713 708 783 leguntur
735 732 753 769 a
780 715 827 770 lin.
853 719 883 770 lt)
898 733 986 786 usque
1011 717 1047 770 ad
1075 717 1122 771 tin.
1148 717 1263 788 capituli
1287 720 1393 785 (Andium

191 812 433 879 eigo-disciplina),
446 812 520 865 cod.:

314 909 380 974 Sed
395 929 436 974 ne
447 909 559 976 videar
573 912 615 975 de
625 912 692 976 vita
703 913 879 978 beatissimi
892 913 982 980 ducis
994 934 1119 979 novum
1130 917 1281 980 attulisse
1292 917 1397 999 tigmen-

356 1013 436 1086 tum,
456 1028 521 1074 non
543 1011 585 1074 ab
604 1029 639 1074 re
661 1012 731 1089 erit,
753 1012 780 1076 si
801 1013 835 1076 in
856 1013 1078 1096 testimonium
1102 1013 1288 1078 sanctitatis
1308 1016 1396 1080 eaden

355 1109 456 1172 verba
467 1128 543 1191 quae⁴
553 1109 697 1188 indoctis
707 1109 909 1174 blancorum
920 1111 1057 1179 dirersis
1071 1111 1104 1176 ln
1116 1112 1199 1177 locis
1211 1113 1328 1179 inserta
1336 1121 1398 1181 sunt

355 1207 407 1271 bic
431 1208 463 1271 in
478 1227 580 1272 unum
595 1208 729 1275 collecta
743 1210 804 1274 sub
819 1210 919 1275 oculis
932 1229 1089 1292 posuero.
1102 1210 1190 1276 Sunt
1205 1230 1281 1294 ergo
1294 1213 1324 1278 in
1337 1214 1398 1279 bunc

355 1306 489 1371 modum
500 1326 574 1373 sese
585 1307 741 1372 habentia
754 1331 761 1372 :
774 1313 789 1342 “
803 1308 914 1391 Usque
936 1308 981 1373 ad
997 1309 1032 1373 id
1047 1313 1183 1392 tempus
1200 1311 1244 1375 ab
1258 1312 1399 1394 initioque

355 1425 491 1488 regnare
516 1407 891 1489 coeperatDagoberlus
913 1407 1045 1473 consilio
1074 1409 1259 1474 beatissimi
1290 1411 1399 1477 Arnum

293 1558 297 1566 .
354 1505 507 1598 lltetensis
529 1506 618 1570 urbis
641 1507 801 1588 pontificis
821 1511 853 1572 et
875 1506 1004 1590 Pippini
1030 1507 1168 1590 majoris
1188 1509 1312 1583 domus
1331 1514 1400 1574 tanta

354 1605 570 1687 prosperitate
584 1605 692 1686 regale
707 1606 851 1688 regimen
863 1606 895 1670 in
907 1607 1040 1671 Austria
1054 1607 1203 1689 regebat,
1217 1612 1254 1672 ut
1268 1628 1288 1672 a
1301 1610 1400 1673 cunctis

352 1704 502 1786 gentibus
528 1703 723 1768 immensam
748 1703 879 1769 laudem
904 1705 1049 1769 haberet.
1076 1754 1089 1782 ,
1118 1705 1160 1770 nt
1184 1706 1282 1788 paulo
1309 1708 1400 1772 intra:

356 1810 369 1837 “
397 1802 476 1867 Post
510 1802 680 1867 decessum
714 1802 802 1867 beati
831 1804 967 1881 Amulli,
991 1803 1103 1869 adhuc
1128 1806 1264 1870 consitio
1296 1806 1399 1888 Pippini

353 1901 485 1984 majoris
501 1901 618 1965 domus
634 1906 664 1964 et
681 1901 858 1979 Cuniberti,
874 1901 1035 1984 pontificis
1050 1904 1144 1968 urbis
1160 1904 1309 1979 Coloniae,
1322 1911 1398 1970 utens

354 2005 387 2065 et
396 2001 439 2074 ab
451 2000 529 2082 ipsis
540 2000 666 2064 sortiter
677 2001 885 2079 ammonitus,
893 2004 994 2065 tantae
1009 2003 1241 2084 prosperitatis
1253 2009 1284 2069 et
1290 2004 1400 2086 justitia

354 2119 502 2165 amorem
517 2100 704 2182 complexus
719 2100 889 2165 universas
905 2099 966 2164 sibi
978 2100 1131 2166 subditas
1146 2107 1262 2183 gentes
1276 2103 1318 2166 sir
1330 2122 1401 2184 rege

351 2201 419 2277 bat,
442 2204 478 2264 ut
497 2198 604 2263 nullus
627 2199 668 2264 de
693 2199 894 2265 Francorum
917 2199 1048 2281 regibus
1073 2202 1333 2282 praecedentibus
1354 2221 1400 2267 sua

352 2301 449 2364 laude
478 2300 591 2364 luisset
616 2301 891 2382 praecellentior.,
919 2301 1011 2376 ltem,
1033 2306 1110 2382 post
1135 2304 1348 2368 narrationem
1368 2302 1399 2365 de

352 2399 456 2464 tribus
468 2399 586 2480 reginis
598 2404 631 2463 et
645 2399 821 2481 Dagoberti
837 2398 1025 2464 concubinis
1042 2421 1049 2463 :
1067 2405 1081 2432 ‘⁴
1100 2399 1184 2495 Hac
1199 2421 1328 2466 cernens
1340 2401 1399 2483 Pip-

352 2501 457 2583 pinus,
470 2519 543 2563 curn
558 2502 645 2563 esset
657 2499 781 2563 cautior
795 2499 920 2563 cunctis
931 2503 964 2563 et
979 2500 1174 2565 consiliosus
1190 2501 1295 2577 valde,
1304 2501 1399 2584 ptem

353 2599 454 2662 simus
469 2598 544 2676 tide,
559 2599 602 2663 ab
617 2599 769 2662 omnibus
788 2598 925 2662 dilectus
949 2619 1008 2680 pro
1027 2599 1165 2681 justitiae
1188 2620 1308 2674 amore,
1327 2604 1399 2682 quo⁸

302 2759 305 2766 ,
352 2698 574 2780 Dagobertum
590 2698 795 2774 instruxerat,
817 2697 895 2761 dum
912 2717 971 2762 suo
985 2718 1065 2762 usus
1084 2698 1193 2763 tuerat
1208 2700 1341 2774 consilio,
1354 2698 1399 2761 sibi

353 2801 463 2862 tamen
485 2816 694 2878 nequaquam
709 2796 828 2861 oblitus
838 2797 1009 2879 justitiam,
1025 2816 1134 2880 neque
1150 2799 1306 2863 recedens
1326 2819 1344 2862 a
1361 2798 1399 2860 ria

353 2897 519 2973 bonitatis
532 2916 606 2960 cum
621 2897 663 2960 ad
679 2896 901 2978 Dagobertum
917 2896 1098 2975 accederet,
1110 2898 1291 2980 prudenter
1304 2896 1400 2979 agebat

352 2993 386 3056 in
398 2994 521 3057 cunctis
534 2997 565 3057 et
577 2996 708 3057 cautum
719 2993 752 3056 in
763 2993 914 3058 omnibus
926 3013 961 3057 se
973 2993 1401 3059 ostendebatZelusAustra·

353 3091 474 3156 siorum
490 3091 647 3156 adversus
663 3092 815 3156 eumdem
832 3092 1044 3156 vehementer
1057 3094 1267 3175 suggerebat,
1279 3098 1311 3158 ut
1322 3092 1399 3157 ellan

352 3192 459 3273 ipsum
484 3194 680 3255 conarentur
704 3191 890 3272 Dagoberto
921 3192 1028 3256 tacere
1058 3193 1223 3267 odiosum,
1249 3198 1284 3258 ut
1312 3192 1400 3275 potius

353 3290 557 3354 interficeret.
573 3289 637 3353 Sed
647 3289 780 3371 justitiae
796 3310 888 3354 amor
903 3291 1010 3354 et'Dei
1025 3291 1123 3356 timor
1138 3312 1239 3374 quem
1255 3292 1400 3373 diiigenter

353 3389 557 3471 amplexatus
580 3390 693 3466 suerat,
716 3391 823 3471 ipsum
844 3389 992 3454 liberavit
1015 3391 1157 3455 amalis.
1176 3442 1188 3467 ,
1205 3391 1244 3456 Et
1258 3392 1400 3473 aliquanto

354 3489 491 3552 infra:“
517 3489 721 3569 Dagobertus
748 3489 856 3553 Mettis
877 3490 993 3553 urbem
1019 3490 1165 3569 venienS,
1192 3487 1400 3555 cumconsilio

353 3586 542 3670 pontificum
568 3607 626 3651 seu
652 3594 684 3653 et
708 3607 878 3670 procerum
904 3588 1110 3670 Sigebertum
1143 3590 1249 3654 filium
1274 3587 1399 3654 suumin

354 3687 496 3751 Austriae
513 3707 647 3767 regnum
662 3687 857 3762 sublimavit,
873 3692 905 3752 et
921 3687 1100 3752 Cuniberto
1116 3690 1261 3770 pontifici
1277 3694 1307 3754 et
1319 3687 1400 3751 Adat-

353 3788 444 3868 gisilo
460 3787 534 3850 duci
550 3791 582 3850 et
603 3785 742 3868 Pippino
757 3787 872 3868 majori
888 3786 1005 3852 domus
1020 3807 1157 3868 regnum
1173 3788 1398 3870 gubemandum

353 3887 527 3950 constituit.
551 3886 697 3964 Quorum
727 3887 835 3950 studio
860 3886 1013 3968 deinceps
1042 3888 1204 3952 Austrasii
1233 3889 1356 3953 limitem
1375 3890 1397 3947 ct

353 4005 488 4068 regnum
521 3986 719 4049 Francorum
753 3982 874 4050 contra'
898 3985 1046 4049 lllinidos
1078 3987 1202 4052 utiliter
1234 3988 1398 4052 defensasse

352 4089 572 4163 noscuntur,
600 4085 681 4149 ltem
710 4089 785 4168 post
809 4104 937 4167 pauca:
968 4093 979 4118 ¹⁴
1013 4084 1095 4150 Cum
1129 4085 1286 4169 Pippinus
1316 4085 1399 4166 major

353 4185 469 4248 domus
481 4189 555 4266 post
571 4184 745 4266 Dagoberti
758 4184 882 4248 obitum
898 4188 929 4248 et
945 4186 1043 4249 ceteri
1059 4185 1161 4250 duces
1176 4187 1398 4251 Austrasiomm

353 4303 427 4348 curn
439 4284 804 4365 Sigebertounanimem
813 4283 1086 4366 conspirationem
1096 4283 1400 4367 expetissent,Pippi·

352 4403 413 4446 nus
439 4402 513 4446 eum
536 4382 713 4446 Cuniberto
738 4383 820 4447 sicut
843 4387 873 4446 et
897 4384 986 4464 prius
1009 4383 1187 4472 amicitiam
1207 4389 1356 4467 perpetuo
1372 4401 1400 4443 se

351 4482 487 4545 firmiter
522 4475 770 4545 conservaturos
806 4482 1037 4563 obligaverant,
1082 4501 1264 4566 omnesque
1308 4481 1400 4546 leudes

352 4580 595 4645 Austrasiorum
616 4599 727 4644 secum
749 4585 889 4662 uterque
911 4582 1090 4664 prudenter
1105 4586 1138 4646 et
1160 4602 1235 4646 cum
1252 4580 1400 4647 dulcedine

351 4679 564 4756 attrahentes,
580 4681 718 4762 benigne
733 4681 971 4762 gubernabant.
991 4681 1039 4745 Ac
1054 4681 1211 4765 deinceps
1226 4683 1401 4747 Cunibertus
