3142 5392
300 357 375 432 280
636 378 762 431 caran
787 380 892 432 oona.
916 379 1197 434 muraenarum

302 566 422 622 servidas
433 567 568 622 immersit
579 568 673 622 rertiei
690 584 769 622 sacro
788 570 857 623 tanti
874 569 1035 624 sawdotis.
1050 570 1154 625 lluerrs
1165 576 1266 626 aulem
1283 572 1422 626 cerellum
1434 572 1503 643 nidis

301 668 361 736 ejus
377 682 440 720 curn
455 667 588 737 sanguine
604 684 685 737 super
701 669 890 738 parirnentrnn
906 671 1094 739 spectantibus
1109 672 1171 725 suis
1180 671 1268 726 dolor
1283 671 1382 741 ingens
1394 678 1499 733 erata

301 764 427 819 riderent
446 765 535 819 rirnrn
555 765 729 820 innocentem
752 767 792 820 sic
814 767 1019 827 occisumcurn
1040 768 1168 824 riderent
1185 771 1283 824 tirum
1302 770 1400 824 fortean
1416 770 1498 840 depo

300 868 425 917 stratum.
439 862 552 917 lacebat
571 864 646 918 enirn
663 871 768 933 martyr
788 865 839 918 nei
857 882 910 919 suo
928 867 1062 935 unguine
1080 872 1261 936 purpuratus,
1275 868 1387 936 jacebat
1511 930 1514 935 ,

301 960 351 1017 ttei
368 962 531 1015 innocentie
541 977 599 1016 sure
608 962 689 1031 bysso
701 963 870 1016 candidatus
881 962 952 1030 Quia
962 965 1064 1032 gemini
1079 963 1182 1018 coloris
1192 965 1318 1019 amictus
1327 970 1401 1019 reste
1408 963 1497 1034 rupini,

301 1060 336 1115 ad
359 1077 483 1115 mensam
501 1063 593 1130 magni
614 1061 684 1130 regis
701 1062 881 1126 introductus,
900 1063 971 1116 inter
993 1063 1125 1116 oonsiras
1142 1063 1266 1118 coelectis
1290 1068 1322 1118 et
1344 1068 1440 1117 rtem
1455 1062 1514 1117 rh·
1549 1093 1571 1160 Ι

302 1176 365 1214 cum
385 1160 443 1213 Deo
465 1160 544 1214 laetus
568 1160 736 1230 epulabatur.
757 1160 862 1230 Corpus
884 1162 944 1228 eius
962 1166 1087 1215 curatum
1113 1163 1143 1216 in
1166 1162 1268 1216 eedem
1294 1161 1406 1217 coelun
1422 1162 1514 1217 ΙΜ-
1551 1167 1571 1262 Ἰ“

302 1271 403 1325 magno
422 1256 560 1325 sepelitur.
1554 1265 1571 1286 ·

344 1353 403 1411 ³0.
431 1353 492 1421 Quo
511 1353 614 1407 scelere
636 1357 799 1422 perpetrato.
819 1353 929 1407 sceleris
946 1354 1064 1408 officinae
1085 1355 1122 1409 ad
1146 1360 1296 1410 auctorem
1315 1357 1421 1412 ”deis
1437 1358 1499 1412 rrdrr

304 1452 497 1523 disponebam
516 1451 565 1505 sed
584 1451 695 1506 sceleris
714 1453 873 1506 immanitas
889 1453 977 1521 ipsum
1002 1451 1113 1507 sceleris
1132 1458 1278 1507 auctorem
1300 1454 1365 1509 duur
1384 1454 1501 1513 mutand.

303 1550 392 1607 soclus
411 1551 554 1604 exhorruit
570 1550 627 1619 ipse
646 1567 727 1604 suum
740 1570 747 1603 ε
759 1556 787 1604 et
803 1552 946 1604 obscoenas
962 1551 1073 1604 sceleris
1089 1550 1226 1617 officinas,
1233 1552 1341 1607 scilicet
1350 1552 1503 1623 quiracus

305 1651 377 1705 viros
394 1649 591 1719 sanguinarios.
603 1649 703 1703 timens
722 1650 758 1703 ad
778 1667 808 1703 se
829 1666 967 1712 revocare,
991 1649 1105 1703 callidus
1125 1650 1202 1719 ipsos
1221 1651 1379 1721 abnegarit,
1394 1652 1505 1707 diremit

303 1750 357 1805 hoc
384 1748 486 1803 soelere
509 1765 564 1803 nou
585 1765 633 1802 eos
652 1749 704 1803 sibi
730 1749 908 1803 ministrasse.
933 1749 1034 1802 Verum
1052 1750 1081 1803 in
1102 1749 1172 1803 urbe
1192 1749 1355 1813 Cautuaria.
1373 1752 1507 1806 dominu

303 1848 373 1920 patri
397 1854 474 1903 tanto
494 1865 544 1901 suo
563 1853 619 1901 tam
645 1848 753 1914 devota,
776 1864 871 1902 eorum
898 1854 1019 1917 potestas
1038 1863 1095 1902 non
1114 1852 1176 1903 erat
1194 1848 1236 1903 ita
1254 1849 1370 1917 grandis
1386 1855 1415 1905 ut
1437 1850 1509 1904 indie

303 1954 360 2003 tarn
378 1947 503 2009 solemni.
526 1947 555 2000 in
569 1946 630 2001 loco
651 1947 838 2010 celeberrimo,
855 1946 883 2000 iu
897 1950 1046 2015 conspectu
1065 1947 1157 2000 omnis
1174 1947 1272 2017 populi
1287 1949 1351 2017 ejus
1367 1954 1468 2020 posent
1479 1948 1512 2003 rd

303 2046 436 2101 auderent
457 2045 593 2099 trucidare
610 2049 718 2099 tanturn
741 2045 791 2099 Dei
812 2045 992 2099 sacerdotem.
1008 2044 1062 2099 Sed
1081 2045 1152 2099 nihil
1170 2046 1262 2112 juvat,
1279 2046 1354 2102 nihil
1375 2047 1450 2111 rulet.
1462 2046 1514 2102 rut

304 2145 369 2216 tegit
385 2143 468 2213 hujus
488 2145 526 2199 rei
543 2160 655 2214 prorsus
666 2144 747 2198 inane
764 2147 961 2213 tegumentum.
972 2143 1066 2197 Scelus
1077 2143 1131 2197 hoc
1148 2143 1263 2207 audere,
1281 2145 1376 2201 scelus
1390 2146 1442 2201 hoc
1454 2144 1518 2201 sind

303 2259 383 2314 posse
401 2244 476 2298 dedit
493 2242 632 2296 sceleratis
646 2242 693 2311 qui
709 2258 867 2310 supremam
891 2241 974 2308 huius
991 2240 1100 2296 sceleris
1117 2241 1218 2296 habuit
1236 2249 1417 2312 potestatem.
1435 2245 1521 2299 mnu

303 2335 354 2399 sui,
369 2351 427 2388 rem
448 2334 577 2403 iniquam,
595 2333 683 2388 scelus
706 2337 813 2387 tantum
832 2332 930 2401 Anglia
953 2349 1009 2386 non
1033 2337 1166 2387 est-ausa
1188 2333 1356 2403 deplorare3
1375 2336 1446 2392 Petri
1460 2336 1524 2391 adu

303 2431 455 2500 apostolica
471 2431 623 2501 supersedit
644 2429 790 2492 vindicare,
810 2430 920 2499 quando
941 2429 1015 2483 Petri
1029 2429 1119 2499 gladio
1138 2429 1250 2500 gladius
1268 2431 1393 2488 Neronis
1410 2434 1480 2489 risus
1494 2440 1528 2489 ert
1554 2447 1556 2450 ·

303 2529 459 2601 praevalere.
480 2530 533 2584 Sed
552 2528 707 2583 conclamat
727 2529 817 2583 omnis
836 2529 956 2582 muudus
976 2544 1033 2582 non
1053 2544 1113 2581 esse
1130 2528 1272 2584 mundum
1294 2548 1314 2585 a
1331 2533 1464 2603 sanguine
1476 2531 1530 2602 justi

304 2630 387 2696 liuius
399 2628 546 2681 Henricum
559 2643 660 2696 regem,
670 2626 725 2695 regi
735 2627 791 2679 Deo
804 2626 980 2680 manifestum
998 2625 1149 2682 inimicum.
1160 2626 1194 2680 Et
1213 2643 1265 2682 rex
1277 2644 1391 2700 regum,
1408 2631 1533 2700 utrinque

143 2742 154 2768 ⁴
304 2728 385 2799 gladii
395 2727 474 2781 dator
485 2732 567 2796 atque
582 2726 747 2789 dominator,
756 2725 784 2778 in
796 2725 839 2778 die
853 2725 898 2778 irae
916 2742 973 2779 suae
986 2731 1102 2795 utroque
1115 2725 1209 2794 gladio
1233 2727 1438 2799 depugnauit⁸
1455 2736 1535 2784 oontn

306 2826 470 2897 insipientes,
488 2827 532 2895 qui
555 2825 682 2878 dixerunt
698 2825 724 2877 in
747 2824 829 2877 corde
846 2841 897 2878 suo
918 2843 924 2876 :
942 2823 1002 2878 Non
1020 2829 1062 2878 est
1083 2825 1165 2878 Deus.

538 3312 681 3400 XXIV.
711 3312 832 3399 codex
857 3311 1041 3421 signatus
1066 3329 1110 3396 n⁰
1136 3309 1309 3400 831-34.

342 3536 481 3590 Foliorum
505 3536 551 3588 195
574 3539 681 3602 (proeter
700 3548 785 3586 unum
807 3531 953 3585 insiticium
975 3532 1002 3584 in
1022 3531 1110 3599 capite
1130 3530 1257 3598 codicis),
1279 3533 1390 3590 iormae
1411 3540 1548 3592 mediocris

310 3638 399 3699 (0¹¹¹,th
413 3644 437 3691 ><
448 3635 526 3697 0:22),
538 3632 673 3686 columnis
685 3632 763 3693 binis,
775 3631 854 3684 lineis
865 3630 996 3699 graphide
1013 3630 1108 3693 ductis,
1121 3634 1254 3684 exaratus
1272 3635 1377 3689 seculo
1390 3636 1463 3691 xm.
1475 3636 1548 3692 Tituli

310 3734 395 3789 minio
409 3733 550 3801 descripti;
563 3733 659 3786 litterae
669 3731 786 3785 initiales
799 3731 838 3797 (in
848 3729 993 3798 posteriori
1001 3734 1077 3797 parte
1087 3728 1199 3791 codicis)
1209 3730 1304 3785 minio
1314 3733 1391 3789 item
1401 3742 1430 3790 et
1439 3737 1548 3790 ceruleo

309 3835 376 3888 satis
388 3833 541 3896 arrrlriliose,
550 3832 597 3884 sod
610 3847 666 3883 non
678 3830 826 3883 admodum
837 3831 923 3898 perita
935 3845 1019 3882 manu
1031 3828 1186 3896 designatae.

343 3934 374 3988 lu
386 3933 507 3988 inferiori
518 3931 639 4000 maugina
652 3930 711 3983 lolii
722 3927 831 3983 insiticii
843 3944 928 3982 manu
937 3927 1022 3982 seculi
1038 3927 1101 3980 x111
1114 3927 1256 3996 adscripta
1267 3936 1314 3984 est
1328 3933 1395 3988 haec
1406 3942 1476 3989 nota
1487 3957 1494 3989 :
1505 3936 1550 3988 ffic

310 4036 379 4089 liber·
395 4042 431 4087 rat
443 4048 568 4086 rarorum
593 4031 678 4083 l'ullia
689 4037 778 4082 aarrctc
789 4030 878 4080 ittarta
897 4029 1011 4081 Ordinis
1023 4028 1157 4080 Fratrum
1167 4027 1399 4100 hediculos-um,
1417 4042 1447 4089 et
1465 4051 1549 4090 mm

312 4134 358 4187 lai.
372 4135 396 4187 l‘
406 4133 432 4186 in
442 4130 563 4200 liturgiae
575 4128 711 4192 exteriori,
723 4143 806 4181 manu
816 4127 900 4180 seculi
915 4126 987 4179 XVII
1000 4146 1007 4180 z
1022 4127 1170 4180 Conventus
1179 4127 1421 4188 Mariumllcnrie
1433 4135 1549 4199 (larien-

312 4231 378 4292 tltai.
390 4247 473 4301 prom
485 4228 717 4297 Luxemburgum)
732 4228 796 4280 Ord.
809 4227 948 4280 Pradicm.

345 4330 422 4385 Prior
430 4347 493 4400 para
501 4328 602 4384 codicis
609 4327 666 4395 (sol.
677 4327 761 4392 l-ll‘lj
768 4325 890 4379 continet
898 4325 1026 4378 homilias
1035 4327 1062 4378 in
1072 4324 1215 4394 evangelia
1223 4325 1261 4380 de
1269 4331 1406 4400 ternpore
1414 4350 1433 4386 a
1441 4334 1549 4387 subbato

312 4435 407 4483 etruria
419 4428 551 4499 usquead
562 4425 729 4481 dominicam
741 4422 865 4477 ultimam
878 4428 939 4492 post
948 4428 1133 4492 pentecosten.
1143 4422 1251 4478 Deinde
1261 4428 1413 4496 sequitur:

418 4615 452 4685 1⁰
477 4612 528 4685 lle
546 4608 757 4683 inventione
774 4613 913 4680 sarretae
930 4604 1057 4678 Crucis
1075 4605 1152 4698 (fol.
1175 4606 1397 4704 ild-123⁸).

348 4742 471 4797 Narratio
483 4739 608 4795 nonnihil
619 4738 690 4808 stylo
702 4738 809 4791 diverat
819 4736 854 4789 ab
863 4754 895 4790 ea
905 4753 967 4806 quie
975 4735 1073 4805 legitur
1081 4736 1154 4804 apud
1162 4736 1366 4797 Mambritium.
1375 4748 1449 4797 tom.
1458 4745 1477 4798 1.
