3142 5392
278 119 372 173 BIBL.
399 122 481 175 ΒΕΘ.
508 123 679 177 BRUXELL.
707 148 754 156 -
781 126 928 180 ΔΡΡΕΝΙ).
955 129 1002 180 ΑΙ)
1029 131 1108 182 COD.
1136 129 1173 181 N⁰
1199 130 1258 183 206.
1318 112 1385 184 127

167 308 281 378 spiritum
289 311 339 365 Dei
348 312 473 382 loquens,
483 314 622 383 respondit
631 335 637 368 ε
645 317 713 369 Cam
721 319 830 369 eiectum
838 334 918 370 aarum
927 320 1104 384 confessorem
1113 337 1141 372 eo
1151 322 1285 388 quondam
1295 323 1386 375 Donu-

171 424 218 463 me
230 410 324 464 honore
344 413 506 479 denormat
524 431 591 467 suae
602 432 656 483 per
673 432 733 467 eum
750 416 818 483 leges
829 423 931 469 notura
938 419 1071 484 perderet,
1083 421 1217 486 numquid
1235 422 1314 473 etiam
1327 437 1387 473 eum
1412 431 1414 440 ’

177 508 240 562 lodie
252 510 389 564 imestare
405 529 460 566 non
472 515 581 579 adjiciet
591 517 605 566 t
614 515 660 566 An
672 531 726 567 non
737 517 796 581 ejus
813 516 917 568 obtentu
929 518 959 568 in
970 519 1124 569 naturalem
1131 534 1158 570 ee
1169 520 1259 570 vietum
1276 521 1387 572 resolvet

181 609 295 675 liquorem,
303 626 355 676 per
374 627 453 678 quem
469 629 542 680 aquo
554 615 584 665 in
600 615 658 665 eieci
669 621 772 667 mtetoto
784 621 822 667 eet
840 614 987 682 saporem?
1005 615 1109 669 Erectis
1129 616 1221 684 itaque
1241 616 1276 670 ad
1296 618 1384 671 Deum

156 715 173 765 e
186 705 282 760 omnum
291 708 419 762 cordibus
431 725 465 764 ex
474 710 528 765 hoc
537 727 673 773 sermone,
684 729 734 781 pro
744 713 914 781 apportando
924 713 987 767 vino
998 713 1114 768 mittitur
1123 714 1255 768 diaconus
1263 717 1385 783 ejusdem

188 804 286 869 aedesio,
296 805 445 862 Passuinns
454 809 574 874 nomine,
585 826 685 879 magna
705 811 852 888 astantium
865 828 913 880 spe
931 815 958 866 et
975 811 1044 880 signi
1056 794 1265 881 exspectatione.
1278 815 1312 867 Et
1323 832 1386 870 ecce

190 903 259 958 riuum
272 920 324 959 non
335 905 547 976 liquidissimam
565 898 709 963 dumtaxat
720 909 859 978 reperitur,
871 910 919 964 sed
931 911 1000 964 adeo
1018 912 1210 965 vehementem
1224 913 1307 966 etiam
1325 914 1386 968 reti·

191 1003 362 1068 iuueniorem,
374 1022 407 1059 ac
417 1006 440 1060 si
458 1007 519 1076 igne
531 1009 673 1077 supposito
686 1009 852 1062 concitatum
871 1008 968 1063 inisset
980 1009 1008 1063 in
1026 1010 1172 1064 fervorem.
1184 1011 1304 1080 Accepto
1322 1029 1386 1082 ergo

193 1107 291 1171 quantum
303 1103 340 1157 rei
353 1105 502 1160 necessitas
512 1107 643 1175 poscebat
655 1107 727 1172 vino,
736 1124 836 1176 magno
848 1107 979 1177 populum
993 1114 1197 1178 exspectantem
1209 1111 1392 1180 participatu·

156 1203 181 1253 tt
193 1202 320 1269 rusgaudio,
332 1203 415 1257 alacri
423 1204 573 1260 Passuinus
582 1206 723 1275 repedavit
730 1205 837 1270 animo;
847 1211 875 1260 et
882 1211 963 1271 certe,
973 1212 1105 1276 quantum
1112 1208 1188 1277 plebs
1196 1210 1303 1277 cognito
1311 1212 1385 1264 exui·

195 1301 241 1353 urit
247 1300 372 1365 miraculo,
385 1303 494 1357 lucilius
504 1304 629 1370 creditur,
639 1322 722 1374 quam
734 1304 797 1359 stilo
809 1306 968 1374 explicetur.
979 1307 1093 1374 Expieto
1105 1308 1223 1375 denique
1235 1308 1344 1363 lavandi
1358 1313 1386 1364 et

195 1399 274 1455 radendi
285 1402 380 1466 officio,
391 1405 543 1473 pretiosum
560 1422 658 1474 corpus
668 1406 696 1460 in
711 1405 772 1460 loco
784 1406 905 1475 positum
918 1411 960 1460 est
969 1411 1186 1474 praemonstrato,
1195 1424 1295 1476 magna
1306 1423 1382 1462 reve-

196 1498 256 1550 rentia
264 1502 287 1552 et
296 1500 374 1570 digno
384 1501 433 1555 tali
445 1503 541 1557 iuuere
553 1504 694 1573 obsequio.
703 1505 743 1558 Ex
752 1503 817 1558 vino
836 1510 937 1569 autem,
949 1521 1004 1573 quo
1014 1504 1086 1558 lotus
1098 1509 1139 1559 est
1151 1505 1331 1559 celebrandus
1340 1506 1385 1559 iile

195 1594 359 1665 aionfessor,
368 1617 456 1654 caecus
473 1603 584 1672 quidam
593 1603 687 1657 linitus
704 1607 863 1672 exoptatam
876 1602 980 1672 accepit
992 1603 1106 1672 gratiam
1125 1605 1208 1658 visus
1220 1605 1291 1674 AEgri
1304 1603 1384 1658 multi
1467 1638 1471 1655 ,

165 1690 264 1748 itatem
279 1697 378 1767 liquore
393 1703 518 1769 peruncti
537 1719 555 1754 a
574 1702 657 1756 variis
680 1703 857 1772 languoribus
880 1706 944 1756 sunt
961 1702 1125 1766 curati3nec
1142 1720 1198 1757 non
1217 1703 1385 1773 aspiritibus

197 1791 307 1849 innumis
316 1799 407 1852 vexati
418 1800 605 1854 mundationis
616 1817 732 1854 munere
744 1801 782 1853 ibi
794 1805 857 1854 sunt
868 1800 955 1870 potiti.

226 1891 266 1947 11.
284 1894 354 1950 Nunc
370 1895 460 1965 igitur,
472 1895 603 1964 quoniam
617 1895 657 1948 eis
670 1895 789 1949 exterius
801 1895 970 1949 ostendenda
978 1899 1042 1948 suut
1052 1894 1129 1964 signa
1139 1895 1188 1964 qui
1201 1894 1274 1949 intus
1293 1895 1385 1950 minus

198 1987 267 2054 rident,
275 1990 379 2045 beatum
387 1995 515 2060 petamus
526 1989 675 2054 Morinum,
688 1995 823 2059 quatenus
832 1991 892 2043 haec
904 1990 1000 2044 eadem
1018 1990 1047 2043 in
1055 1989 1135 2043 nobis
1153 1989 1311 2059 spiritaliter
1322 2006 1385 2061 ope·

198 2090 1384 2161 retur;ntrideiicetsupemaecontemplationislumenhaberemereamur;ne,praesentis
1415 2088 1417 2092 '

168 2177 346 2244 iidtatenebris
354 2191 448 2260 pressi,
458 2191 524 2244 dum
534 2195 678 2245 venturam
691 2191 780 2265 iucem
791 2209 966 2261 nequaquam
979 2191 1115 2261 diligendo
1128 2188 1318 2259 conspicimus,
1327 2205 1381 2257 quo

198 2288 372 2356 reumopeus
383 2287 562 2358 porrigamus,
572 2289 736 2358 ignoremus.
747 2290 936 2359 Efflagitemus
952 2290 1044 2357 etiam,
1053 2295 1142 2360 ntper
1153 2290 1213 2357 ejus
1222 2287 1380 2356 suffragium

199 2375 268 2435 inidei
274 2384 391 2441 firmitate
399 2385 587 2453 consistentes,
597 2404 771 2458 nequaquam
781 2389 911 2443 inanimo
924 2368 1141 2459 languescamus,
1151 2388 1244 2456 sicque
1256 2385 1382 2455 malignis

199 2477 296 2544 stirifiius
310 2486 507 2541 habitationem
524 2487 552 2541 in
566 2489 705 2542 mentibus
717 2489 818 2543 nostris
839 2505 896 2542 non
909 2490 1088 2558 praebeamus,
1100 2491 1245 2557 praestante
1263 2485 1381 2540 Domino

199 2582 320 2638 aruntem
330 2584 447 2651 Christo,
456 2585 503 2654 qui
514 2586 610 2640 vivens
623 2591 651 2640 et
662 2603 777 2656 regnans
789 2603 851 2640 cum
866 2587 946 2641 Patre
955 2592 982 2642 et
993 2587 1095 2657 Spiritu
1107 2591 1202 2641 sancto
1214 2585 1381 2654 deprecatio·

166 2664 350 2737 ”curantia
360 2699 390 2737 se
401 2683 558 2737 timentium
567 2700 655 2753 usque
665 2683 693 2737 in
701 2684 785 2737 finem
799 2684 913 2738 dierum.
923 2684 1020 2739 Amen.

258 2960 286 3006 or
303 2967 325 3010 s.
345 2966 493 3011 srurmcro
514 2965 788 3011 aososroommrsr.
804 2945 883 3029 (Cir.
902 2965 1011 3029 supra,
1035 2965 1108 3028 pag.
1125 2947 1193 3024 115,
1212 2946 1291 3030 40⁰.)

236 3140 338 3218 inctptt
356 3149 437 3208 vita
456 3147 575 3208 saneti
597 3146 767 3219 Simplicii
785 3147 1123 3219 augustudunensis
1147 3146 1313 3218 episcopt.

225 3328 247 3383 1·
262 3333 407 3407 Simplicius,
418 3339 461 3394 vir
472 3341 601 3409 prudens,
617 3340 694 3395 dives
711 3357 743 3394 ac
761 3338 869 3404 nobilis,
887 3338 1000 3402 decorae,
1026 3337 1207 3391 nobilissimae
1225 3336 1378 3407 prudentis-

196 3421 285 3499 turaque
293 3437 384 3508 rugini
390 3439 475 3508 jugali
487 3439 589 3493 ioedere
602 3438 730 3493 sociatur.
738 3439 812 3492 Inter
821 3437 873 3491 hos
886 3452 951 3490 vero
960 3436 1015 3489 fixa
1024 3435 1229 3504 perseverantia
1239 3439 1267 3488 et
1278 3433 1378 3488 diffini-

165 3509 245 3579 itione
253 3532 369 3604 riginalis
380 3538 491 3592 castitas
503 3537 662 3603 custoditur,
672 3537 779 3592 occulto
791 3535 876 3591 seculi
889 3535 1010 3604 tegmine
1020 3554 1026 3599 ;
1037 3540 1064 3588 et
1076 3533 1244 3588 consortium
1257 3532 1377 3602 spirita‘le

195 3631 339 3704 Quumque
357 3636 495 3707 pudicitiae
516 3637 598 3691 decus
619 3636 671 3690 soii
690 3637 748 3691 Deo
769 3639 852 3705 patet,
873 3651 929 3704 quo
949 3633 1009 3687 solo
1030 3633 1143 3686 custode
1163 3636 1296 3685 servatur.
1313 3631 1377 3686 Dies

193 3711 367 3791 limitaneam
376 3734 564 3804 trausigrmtur
575 3734 681 3804 vigiliis.
693 3735 801 3788 Interea
812 3731 971 3801 Simplicius
988 3731 1151 3785 meritorum
1168 3730 1312 3799 splendore
1324 3746 1356 3783 ac
1366 3729 1377 3764 ¹

195 3807 285 3879 domina
296 3829 372 3886 luce¹
389 3831 561 3901 conspicuus,
578 3832 680 3886 summi
697 3831 844 3886 sacerdotii
861 3831 941 3885 titulo
967 3836 995 3884 et
1017 3828 1095 3899 apice
1113 3828 1285 3883 sublimatur.
1303 3827 1374 3895 Quid

194 3918 414 3984 ostentamen
425 3947 482 3985 non
494 3931 595 3985 audeat
603 3930 631 3984 in
640 3929 809 3999 adjutorium
821 3929 980 3999 pontificis?
997 3928 1115 3982 Castitas
1133 3916 1273 3997 virginalis
1285 3943 1336 3980 nee
1348 3925 1376 3980 in

165 3995 293 4078 &semote
302 4027 403 4094 desinit,
415 4045 499 4099 quem
507 4029 543 4083 ad
555 4029 685 4083 meritum
698 4028 868 4083 sacerdotale
880 4027 1015 4097 perduxit
1031 4027 1180 4081 Servantur
1192 4025 1265 4079 enim
1277 4024 1312 4078 ab
1332 4023 1376 4078 his

195 4102 307 4177 thinemtc
320 4131 398 4182 relate
417 4128 552 4197 usquead
569 4127 677 4183 senium
695 4127 966 4197 multiplicanturque
978 4126 1006 4179 in
1018 4125 1057 4179 eis
1078 4124 1171 4179 divina
1187 4138 1377 4189 muneraser·

195 4208 288 4283 tutorque
305 4224 371 4281 nitor
388 4226 473 4280 tontis
490 4231 518 4280 et
538 4227 607 4281 odor
631 4226 788 4280 chrismatis
804 4243 837 4280 ac
860 4225 977 4296 dignitas
1000 4223 1138 4293 nuptialis,
1160 4222 1230 4276 stola
1255 4221 1375 4290 pudoris,

195 4309 275 4377 rosaque
284 4324 410 4380 unitatis.
419 4325 488 4379 Lilia
497 4325 590 4380 intulae
599 4324 777 4380 sacerdotalis
786 4324 924 4394 effulgent

216 4464 440 4544 ¹⁶⁰³·ad—200d.
452 4489 550 4545 iucem.
