3142 5392
181 274 254 345 aab
516 297 644 347 carah.
670 297 775 348 cona.
800 297 1082 350 naoroonaearc.

181 502 254 547 rum
270 502 403 547 suorum
419 483 528 548 lumen
552 485 731 566 perdiderit
745 490 779 550 et
791 492 906 570 postea
920 489 1094 569 receperit,
1108 488 1238 553 cautius
1251 493 1297 551 est
1311 510 1385 570 agen

181 579 273 655 duim
295 582 448 657 secundo,
470 583 632 663 siquidem
653 584 794 666 qualiter
820 589 1052 649 testamentum
1080 606 1181 649 suum
1202 586 1400 657 ordinaverit:-

182 679 287 754 tertio‚
302 681 345 743 ob
359 700 459 762 quam
476 701 544 745 rem
556 681 733 764 discipulos
746 702 824 747 suos
838 684 1003 760 asciverit3
1018 691 1151 767 quarto,
1167 686 1303 767 qualiter
1320 706 1388 750 reso

182 778 311 842 lullonis
323 799 392 843 suae
404 780 490 843 diem
503 785 535 844 et
551 781 664 845 horavn
677 782 875 864 praesciverit
886 787 919 846 et
930 783 1101 866 discipulis
1113 785 1184 847 suis
1196 784 1388 857 declaraverit

182 878 512 960 estprosequeudum.
525 879 624 943 ...Nec
636 885 695 956 est,
705 881 820 945 iratres
832 881 905 955 mei,
912 882 1010 964 hujus
1021 883 1218 964 privationis
1233 883 1389 964 indaganda

182 977 336 1058 temporis
351 978 531 1059 quantitas;
546 979 702 1060 quoniam
717 984 868 1061 patenter
882 1000 925 1043 an
940 986 1085 1063 quatuor
1106 1002 1151 1044 an
1175 985 1299 1063 septem
1318 983 1389 1045 anni

182 1075 363 1158 implicetur
382 1096 537 1141 numerus
550 1077 642 1141 istius
656 1079 804 1155 turbinis,
816 1078 949 1142 minime
970 1080 1146 1162 reperitur.
1160 1080 1304 1162 Tempus
1323 1082 1388 1144 enin

183 1175 377 1255 argnrrscitun
393 1177 450 1239 sed
463 1177 629 1258 quantitas
647 1177 823 1257 ignoratur.

225 1326 397 1408 [thuam
409 1324 540 1407 quidem
552 1325 706 1388 caecitatis
718 1330 844 1406 pestem
855 1326 898 1388 ob
910 1331 1051 1408 quatuor
1062 1327 1304 1392 commoditatis
1314 1329 1390 1391 bene

185 1425 257 1487 licia
269 1423 374 1488 eidem
391 1424 528 1488 dicimus
544 1425 700 1488 evenisse.

225 1551 258 1632 a)
287 1548 431 1612 l’riumm
464 1552 573 1612 autem
604 1548 845 1613 commoditatis
877 1549 1073 1614 beneficium
1108 1551 1226 1626 extitit,
1248 1555 1282 1615 ut
1305 1551 1390 1631 justus

181 1647 505 1727 justificeturadhuc.

218 1818 346 1887 Sequitur
364 1817 408 1871 hic
426 1819 549 1872 recensio
563 1819 695 1872 virtutum
707 1819 824 1888 Remigii
836 1825 864 1873 et
875 1820 1025 1890 praesertim
1044 1821 1105 1888 ejus
1118 1822 1241 1875 caritatis
1252 1839 1313 1890 erga
1323 1824 1392 1890 prori-

185 1932 269 1969 vnum.
283 1915 335 1969 Ubi
347 1916 481 1985 precipue
491 1917 543 1970 hoc
554 1917 705 1971 notandum
719 1937 726 1970 ε

226 2046 357 2129 Legitur
372 2048 403 2110 in
418 2047 492 2112 Vita
514 2048 601 2112 beati
616 2048 779 2113 Leonardi
793 2049 999 2123 contessoris,
1013 2049 1166 2131 ejusdem
1179 2051 1264 2114 beati
1279 2050 1393 2131 Remigii

185 2145 342 2227 discipuli,
354 2146 442 2227 quod
455 2146 523 2227 ipsc
535 2146 692 2227 gloriosus
704 2165 742 2210 ac
753 2146 941 2227 praecellens
954 2146 1158 2211 Francorum
1169 2152 1282 2229 pastor
1291 2150 1320 2211 et
1331 2166 1394 2229 apo

185 2244 288 2309 stolus
310 2244 478 2327 Remigius
500 2245 576 2309 olim
591 2245 811 2327 impetravita
833 2245 964 2326 regibus
982 2245 1194 2328 Francigenis
1217 2251 1252 2310 ut
1273 2247 1333 2311 tale
1350 2265 1396 2327 pro

186 2344 244 2409 Dei
267 2344 390 2409 honore
412 2344 575 2408 sancirent
590 2344 781 2407 *edictumz
799 2344 951 2425 quatinus
967 2346 1241 2428 quotiescumque
1254 2347 1395 2410 civitaten

86 2448 93 2467 ¹
125 2471 131 2484 ·
186 2443 383 2507 llernensem
399 2443 557 2506 intrarent
568 2446 625 2506 aut
640 2462 733 2506 secus
749 2463 821 2507 eam
833 2443 1229 2526 transirent‚quicunrque
1240 2446 1274 2509 in
1285 2445 1397 2510 vinculis

187 2562 245 2606 seu
267 2543 450 2607 carceribus
477 2541 614 2605 luissent
641 2541 764 2605 detenti
789 2542 961 2605 confestim
995 2543 1065 2606 sine
1089 2542 1156 2607 ullo
1183 2544 1397 2626 impedimento

186 2643 425 2707 dimitterentur
437 2640 637 2718 liberiQuorl
650 2660 754 2722 usque
765 2640 862 2705 hodie
874 2646 1100 2717 conservatum
1112 2643 1140 2706 si
1153 2645 1287 2725 quando
1298 2643 1399 2725 quippe

187 2762 242 2805 rex
268 2741 379 2804 Galliae
405 2741 447 2803 ad
474 2740 663 2822 praedictam
690 2740 806 2804 urbem
831 2739 1009 2817 divertitur,
1025 2761 1140 2805 omnes
1168 2762 1209 2805 ex
1236 2742 1398 2806 carceribus

187 2840 325 2905 alveoluti
339 2843 458 2904 exeunt
473 2843 505 2902 et
520 2839 562 2902 ad
578 2839 782 2902 reddendum
797 2839 917 2920 gratias
933 2839 1065 2902 obviam
1078 2842 1107 2905 ei
1124 2842 1306 2922 prosiliunt

229 2942 262 3023 b)
278 2939 466 3003 Secundum
483 2942 592 3002 autem
608 2958 676 3001 suae
692 2938 845 3002 caecitatis
862 2939 1073 3003 commodum
1089 2941 1250 3017 extitil‚ut
1262 2941 1400 3005 lamenta·

188 3039 241 3103 bili
257 3039 499 3103 continuatione
512 3041 646 3118 peccata
663 3037 800 3101 venialia
817 3056 890 3118 quae
907 3037 1020 3101 vivens
1038 3040 1258 3116 commiserat,
1272 3040 1401 3104 eraderet

187 3143 219 3202 et
230 3138 359 3220 penitus
374 3138 559 3219 extirparet.

227 3240 257 3317 e)
273 3235 419 3300 'l'ertium
442 3255 518 3299 vero
532 3255 600 3299 sure
617 3235 772 3298 ‹eaecitatis
787 3235 996 3298 commodum
1011 3237 1161 3317 protecto
1184 3239 1252 3315 luit
1268 3239 1402 3319 quatinus

186 3337 229 3399 ad
252 3334 504 3417 cmitemplanda
527 3334 671 3397 ‹emlestia
701 3334 885 3397 ferventiori
907 3335 1026 3398 mentis
1052 3335 1217 3400 desiderio
1244 3338 1403 3410 anhelaret

187 3435 410 3515 talentumque
422 3435 482 3497 sibi
490 3433 647 3497 creditum
656 3432 788 3496 domino
801 3432 1087 3515 suomultipliciter
1099 3434 1303 3515 duplicatum
1311 3454 1403 3517 repor-

189 3539 279 3610 terret,
296 3538 395 3616 alque
420 3553 478 3614 pro
504 3531 677 3595 covurrrisso
700 3531 761 3594 sibi
783 3551 879 3612 grege
905 3532 1105 3596 redolentius
1135 3540 1289 3599 exoraret
1310 3535 1403 3598 Domi·

188 3654 276 3698 num.

219 3815 280 3881 Quo
292 3814 352 3866 lma
367 3813 392 3866 in
406 3811 567 3865 memmium
581 3816 708 3863 revocauv
720 3811 865 3879 prophetia
882 3811 954 3863 beati
970 3811 1088 3879 Remigii
1108 3813 1266 3880 pollicentis
1283 3815 1403 3869 Clodoveo

187 3914 241 3983 regi
263 3930 374 3981 regrvum
387 3913 551 3965 Francorum
574 3913 670 3965 stalvile
695 3929 913 3981 pennansurum,
931 3911 953 3963 si
977 3917 1088 3965 servata
1107 3914 1192 3968 luerit
1210 3915 1322 3982 justitia
1333 3912 1403 3982 pergit

186 4014 303 4082 scriptor
312 4033 317 4066 ε

228 4143 395 4224 Numquid
422 4144 515 4223 igitur
540 4143 646 4207 adhuc
672 4143 821 4224 splendet
846 4143 1017 4224 prophetia
1043 4148 1076 4207 et
1103 4144 1269 4208 ordinatio
1292 4142 1400 4227 gloriosi

188 4242 344 4323 llemigii?
376 4242 501 4306 Etenim
533 4263 644 4306 revera
673 4242 813 4305 vidimus
839 4241 1041 4323 temporibus
1067 4244 1190 4307 nostris
1223 4245 1401 4308 Francorum

187 4341 425 4406 ‹lununatorem
440 4363 477 4405 ac
500 4361 582 4423 pene
597 4340 757 4404 universae
779 4345 875 4404 terrae
901 4341 1060 4423 majorem
1075 4347 1213 4425 propter
1232 4342 1401 4425 injustitiam

187 4460 282 4504 sturm
296 4440 436 4505 l‘avisius
450 4442 481 4505 in
496 4441 604 4504 inedia
617 4460 695 4504 neec
711 4440 894 4504 truculenta
906 4439 1067 4504 emathice
1079 4441 1268 4523 disperisse.
1283 4440 1402 4504 vidium

188 4539 300 4603 itidem
316 4539 495 4605 lerinenses
507 4541 573 4622 regi
586 4540 783 4603 Francorum
794 4542 928 4621 propter
942 4540 1152 4621 tyrannidem
1169 4542 1332 4624 injustitiae
1344 4557 1402 4603 eru·

188 4637 356 4701 delitalem
371 4639 552 4703 (terminium
567 4639 788 4719 denegasse
