3142 5392
316 329 388 403 556
650 350 778 405 aaran.
804 352 908 404 cono.
935 352 1215 405 haereseorum.

316 541 384 594 tatio
400 545 491 617 vestra
511 541 540 595 in
560 541 640 595 nobis
662 542 840 611 compleatur,
861 547 900 610 ut,
920 543 985 596 dum
1010 545 1038 597 iu
1062 543 1248 599 exterioribus
1272 546 1386 600 adversa
1406 548 1513 604 nulbtie

316 640 474 705 toleramus,
492 640 520 694 in
547 640 662 709 spiritali
679 641 822 710 disciplina
845 646 873 696 et
896 642 1089 697 observatione
1114 643 1215 712 regula
1239 650 1268 698 et
1285 645 1393 700 Ordinis
1407 662 1454 701 non
1466 649 1513 702 dele

316 738 430 792 ciamus.
515 780 520 788 .
904 802 905 811 ἵ

357 837 391 893 4.
415 838 649 892 Commendamus
661 837 740 891 vobis
752 838 836 891 etiam
853 838 960 892 animas
978 838 1173 894 defunctorum
1186 842 1314 905 fratrum,
1326 858 1451 908 sororum,
1459 844 1515 899 iani

316 918 425 991 liaririm
436 940 602 999 nostrorum,
615 934 786 990 Constantini
798 935 897 1005 prioris
911 937 1006 1001 nostri,
1017 936 1154 991 Frederici
1173 939 1312 1003 conversi,
1324 939 1447 994 walberti
1457 944 1537 1006 restria

316 1034 468 1097 familiaris,
480 1033 574 1088 domni
587 1032 755 1087 Heremanni
764 1033 884 1087 cantoris
892 1033 1006 1101 majoris
1014 1033 1136 1088 ecclesiae
1148 1033 1244 1089 Sancti
1256 1035 1366 1090 llartini
1377 1036 1409 1090 de
1419 1036 1518 1106 liemon

316 1136 363 1197 tia,
373 1140 401 1188 et
412 1133 531 1188 aliorum
545 1133 592 1202 qui
604 1133 632 1187 iu
644 1137 763 1202 utroque
772 1149 840 1187 sexu
852 1133 925 1202 apud
937 1149 988 1187 nos
1000 1133 1121 1188 defuncti
1133 1140 1208 1197 suut,
1217 1150 1253 1190 ex
1265 1150 1323 1205 quo
1335 1151 1350 1188 a
1361 1135 1519 1191 noboexisra

316 1234 383 1288 Vale
397 1233 425 1287 in
435 1233 544 1288 Christo
557 1232 721 1302 perenniter.

420 1549 565 1593 crismon
588 1549 758 1594 cnurmuus
780 1550 920 1595 nonanus
943 1551 983 1594 ao
1006 1551 1176 1597 cumsarun
1199 1553 1443 1598 sessiacensis.

701 1629 778 1711 (Cir.
800 1648 910 1712 supra,
932 1650 963 1712 p.
986 1629 1057 1707 543,
1078 1631 1158 1714 45⁰.)
1532 1668 1551 1716 ω

351 1840 455 1895 Dilecto
484 1842 556 1910 patri
584 1848 612 1896 et
640 1843 811 1911 praecordiali
839 1844 930 1897 amico
958 1842 1114 1912 G[uiherto]
1141 1844 1176 1897 de
1202 1843 1363 1908 Gemblues,
1387 1844 1522 1914 (i[ertru‹lisl

317 1939 418 1993 ancilla
446 1941 546 1996 Christi
572 1958 601 1995 se
624 1947 712 1996 totam
737 1947 764 1995 et
787 1959 869 1997 omne
892 1959 983 1997 suurn.
1007 1973 1040 1982 -
1062 1941 1205 2010 Quantum
1232 1943 1389 1998 dilectionis
1410 1961 1466 2014 erga
1487 1961 1522 1998 ros

318 2038 445 2103 habeam,
465 2045 569 2109 quanto
592 2042 728 2096 desiderio
751 2042 845 2095 anima
867 2059 930 2096 mea
952 2042 1029 2096 vobis
1046 2043 1194 2107 adhereat,
1207 2042 1254 2096 ille
1267 2044 1348 2097 novit
1365 2043 1408 2097 cui
1423 2044 1482 2098 nihil
1493 2052 1522 2098 est

317 2138 465 2193 occultum.
477 2138 611 2207 Quamvis
619 2140 702 2204 euim,
714 2140 790 2209 quod
802 2157 874 2211 saepe
891 2141 980 2204 doleo,
997 2140 1066 2194 mihi
1083 2140 1200 2194 incultas
1217 2141 1297 2194 nulla
1316 2142 1354 2196 sit
1373 2148 1456 2195 vestra
1471 2141 1522 2195 deri

317 2239 412 2293 derata
424 2239 478 2293 frui
489 2240 634 2310 prasentia
647 2240 689 2294 vel
707 2240 852 2310 colloquio,
870 2256 924 2309 quo
943 2240 1012 2295 mihi
1024 2241 1063 2295 nil
1073 2240 1230 2309 jocundius,
1248 2240 1288 2295 nil
1299 2246 1373 2296 esset
1384 2241 1483 2303 duleina
1491 2256 1549 2310 nep

317 2342 411 2392 tamen
423 2340 560 2408 cogitante
573 2341 647 2409 quod
656 2341 831 2410 superstitem
842 2341 971 2407 habeam,
979 2357 1078 2409 magno
1088 2342 1183 2395 anima
1191 2356 1257 2394 mea
1266 2341 1434 2396 exhilaratur
1440 2341 1522 2411 modia

317 2441 413 2506 utpote
422 2438 500 2506 cujus
509 2439 522 2468 ⁸
532 2438 705 2506 orationibus
720 2455 764 2492 me
777 2455 849 2507 sepe
861 2439 984 2507 adjutam
996 2438 1113 2492 sentiam
1126 2443 1153 2492 et
1162 2438 1256 2493 adhuc
1269 2438 1396 2507 adjuvari
1408 2454 1458 2493 non
1467 2437 1522 2491 doli

319 2537 419 2591 temln
429 2554 462 2591 eo
472 2543 565 2591 autern
575 2539 622 2606 qui
634 2537 734 2591 veritas
742 2542 790 2602 est,
798 2538 867 2602 dico,
875 2537 949 2607 quod
958 2537 1057 2591 ardens
1066 2537 1096 2591 in
1105 2537 1215 2591 Christo
1225 2538 1339 2593 dilectio
1348 2555 1429 2607 quam
1438 2535 1522 2591 adsela

319 2640 375 2690 tem
384 2653 520 2691 meamea
532 2653 587 2705 quo
597 2653 647 2691 vos
656 2638 721 2690 novi
733 2653 842 2705 semper
853 2636 946 2700 habui,
958 2653 1111 2705 numquam
1123 2637 1151 2690 in
1165 2652 1209 2690 me
1223 2638 1322 2706 tepuit,
1333 2638 1383 2692 sed
1394 2638 1431 2692 ita
1440 2637 1524 2691 terren

319 2741 388 2790 utea
395 2736 439 2790 die
448 2752 503 2805 qua
510 2753 573 2790 cum
582 2737 677 2791 multis
686 2736 806 2790 lacrimis
815 2738 850 2790 ab
857 2737 974 2790 invicem
985 2735 1163 2805 corporaliter
1172 2735 1304 2805 disjuncti
1312 2753 1415 2801 sumus,
1422 2737 1524 2791 interm
1533 2755 1552 2804 η

319 2835 436 2904 vigebat,
453 2835 544 2889 adhuc
560 2835 588 2888 in
608 2852 653 2889 me
665 2841 768 2890 manet.
781 2836 814 2889 Et
831 2836 963 2905 quoniam
975 2835 1171 2900 conscientiam
1189 2852 1283 2890 meam
1296 2841 1361 2905 post
1379 2838 1459 2891 Deum
1470 2836 1524 2889 solu

317 2935 412 2998 nostis,
422 2935 491 2989 adeo
504 2928 535 2989 ut
546 2935 604 3004 ipso
617 2934 675 2989 Deo
686 2940 755 2989 teste
767 2936 801 2989 de
819 2935 947 2988 omnihus
959 2952 1020 3004 quae
1032 2936 1227 2990 commiseram
1240 2952 1275 2989 ex
1293 2936 1525 2991 deliberationem

317 3032 386 3087 nihil
398 3033 553 3096 celaverim,
564 3033 666 3087 idcirco
676 3034 796 3087 maxime
811 3035 840 3086 in
852 3034 981 3102 suffragia
993 3034 1148 3087 orationum
1163 3039 1319 3088 vestrarum
1330 3052 1375 3089 me
1387 3040 1466 3089 totam
1476 3034 1525 3087 lide

233 3126 235 3130 '
317 3132 422 3187 cialiter
431 3132 534 3201 rejicio,
544 3132 673 3201 quatinus
686 3132 752 3187 mihi
764 3132 911 3187 obtineatis
920 3139 951 3186 ut
959 3133 1004 3186 ille
1014 3133 1057 3186 cui
1066 3133 1117 3186 soli
1127 3133 1235 3201 placere
1248 3134 1418 3198 desideratis,
1429 3134 1526 3187 vitamet

316 3232 400 3285 finem
413 3249 506 3285 meum
520 3233 548 3286 in
561 3232 733 3300 heneplacito
751 3248 802 3285 suo
819 3232 955 3300 disponat,
968 3237 1002 3297 et,
1014 3233 1037 3286 si
1052 3248 1107 3286 nou
1124 3232 1152 3285 in
1165 3234 1303 3299 praesenti,
1317 3238 1410 3287 umen
1421 3232 1557 3299 inlaturos

315 3330 409 3384 seculo
425 3347 471 3384 me
484 3346 546 3384 cum
559 3330 654 3384 laetitia
668 3347 717 3385 vos
729 3330 821 3384 videre
839 3332 979 3385 concedat.
992 3331 1084 3385 Unica
1103 3347 1213 3400 quoque
1222 3333 1329 3386 sororis
1340 3348 1409 3386 mere
1419 3333 1527 3388 animam

316 3447 399 3499 quam
418 3431 490 3498 apud
504 3446 554 3483 nos
566 3446 683 3483 manens
701 3430 850 3499 aliquando
863 3430 977 3495 vidistis,
989 3431 1037 3484 sed
1055 3435 1083 3484 et
1094 3431 1218 3486 animam
1231 3432 1338 3485 sororis
1352 3436 1449 3486 naara·
1460 3444 1528 3498 nuper

315 3529 452 3582 deiunctae
460 3543 522 3596 qum
534 3532 682 3581 matertera
695 3544 756 3580 mea
768 3527 827 3590 tuit,
840 3533 940 3581 nostra
949 3544 1060 3597 quoque
1068 3527 1226 3597 Marmarata
1238 3528 1363 3583 animam
1373 3535 1400 3583 et
1408 3527 1529 3583 ramirans

315 3627 399 3681 vestri
405 3627 537 3681 Walberti
547 3627 642 3681 militis
651 3626 702 3695 piis
712 3626 884 3681 orationibus
894 3627 990 3680 vestris
1002 3627 1176 3689 commendo,
1188 3627 1341 3682 obsecrans
1353 3634 1383 3682 ut
1394 3633 1422 3682 et
1430 3628 1483 3697 ipse
1492 3642 1528 3697 pro

316 3725 355 3780 eis
368 3726 501 3779 instanter
513 3725 596 3779 oretis
614 3729 640 3777 et
660 3724 740 3778 honis
752 3725 912 3778 hominihus
930 3741 1048 3792 quorum
1068 3724 1195 3778 notitiam
1211 3725 1331 3790 habetis,
1344 3727 1414 3780 sicut
1425 3727 1457 3780 de
1468 3725 1561 3794 robis„

315 3823 432 3887 confido,
444 3823 567 3877 studiose
579 3839 625 3876 eas
638 3824 833 3877 commendare
844 3840 900 3877 non
913 3823 1054 3878 omittatis.
1066 3823 1140 3877 Scire
1149 3823 1234 3877 etiam
1254 3841 1304 3878 vos
1323 3826 1387 3880 volo
1408 3827 1477 3895 quod
1494 3838 1531 3878 ner

315 3922 390 3990 gravi
400 3937 451 3976 nec
463 3922 569 3976 diutina
582 3922 706 3975 detinear
723 3922 895 3982 infirmitate;
910 3923 958 3975 sed
969 3921 1110 3976 Gertrudis
1121 3922 1155 3975 de
1173 3922 1324 3992 Magantia,
1335 3941 1385 3994 per
1402 3923 1530 3979 trienninm

315 4021 461 4086 infirmata,
473 4021 508 4074 ad
528 4026 633 4075 tantam
652 4021 763 4075 devenit
775 4021 972 4084 infirmitatem,
985 4026 1015 4074 ut
1032 4021 1108 4074 omni
1119 4021 1164 4074 die
1173 4021 1207 4074 de
1220 4023 1279 4077 vita
1291 4024 1353 4092 ejus
1365 4024 1531 4092 desperemus

316 4119 438 4173 Thecam
449 4120 483 4172 de
492 4135 546 4188 qua
555 4119 589 4172 ad
599 4120 774 4173 recondenda
785 4119 937 4188 corporalia
947 4118 1017 4172 mihi
1026 4118 1179 4187 scripsistis,
1191 4120 1253 4174 sine
1261 4122 1422 4189 gravamine
1430 4118 1531 4176 modain

316 4218 394 4271 brevi
405 4218 484 4272 vobis
496 4217 613 4281 mittam,
625 4235 687 4273 cum
698 4236 743 4273 me
758 4220 811 4273 hoc
827 4217 916 4272 solum
929 4222 1023 4286 gravet
1035 4218 1110 4287 quod
1123 4235 1184 4271 earn
1198 4219 1226 4272 in
1238 4222 1368 4289 prasenti
1380 4221 1478 4275 habere
1489 4232 1533 4272 non
1544 4239 1561 4288 ε

316 4318 400 4386 potui.
409 4317 522 4371 Gratum
535 4318 638 4371 etenim
650 4318 719 4371 mihi
732 4323 759 4372 et
770 4317 848 4372 dulce
860 4319 988 4387 estquod
999 4333 1087 4385 pauca
1099 4322 1126 4370 et
1137 4334 1222 4385 parva
1235 4323 1402 4375 munuscula
1413 4336 1472 4389 qua
1480 4315 1533 4372 cari

315 4418 365 4472 rari
382 4422 478 4471 vestrae
490 4417 647 4482 contuli,ol›
664 4417 827 4471 memoriam
846 4417 901 4470 mei
919 4433 1029 4470 servare
1051 4416 1183 4471 voluistis.
1201 4418 1269 4472 Vale
1287 4419 1317 4474 in
1339 4420 1456 4485 Christo,
1472 4424 1535 4488 pater

316 4519 385 4572 mihi
397 4517 579 4582 dilectissime,
593 4524 620 4572 et
630 4518 751 4572 animam
764 4535 865 4583 meam,
877 4534 939 4586 quoe
954 4534 1095 4587 supervos
1110 4517 1243 4583 innititur,
1256 4521 1315 4575 Deo
1328 4521 1428 4577 lucrari
1439 4527 1535 4576 conten·

317 4616 380 4670 dite.
