3142 5392
382 116 474 166 aran.
500 113 582 165 aaa.
609 115 782 168 aauxann.
810 137 856 147 -
882 117 962 169 coo.
988 107 1028 168 ΝΟ
1052 117 1175 170 caroso.
1325 97 1398 171 593

164 308 229 363 dam
241 308 393 363 Ecclesiam
410 305 522 360 Domini
540 305 696 370 haberetur,
713 305 841 374 pollicem
854 307 906 361 sibi
923 323 1022 361 manus
1034 307 1138 362 letatur
1149 309 1307 376 abscidisse,
1318 325 1353 363 ue
1363 310 1397 363 ad

164 423 276 462 sacrum
284 407 418 470 ordinem,
427 404 506 475 qnasi
516 403 680 460 imminutus
686 405 806 474 quadam
813 405 935 475 corporis
943 411 1029 476 parte,
1037 407 1155 461 subvehi
1166 408 1289 462 humano
1295 408 1398 477 judicio

163 507 314 561 debuisset
326 505 379 559 Sed
399 508 496 558 contra
507 504 558 557 Dei
575 503 746 572 propositum
759 504 850 559 omnis
867 504 997 559 humanm
1014 504 1175 560 intentionis
1192 511 1307 560 conatus
1323 506 1399 561 haud

164 603 252 658 dnbio
263 603 382 657 inaniter
391 602 520 664 renitens,
529 600 557 654 in
567 601 625 670 ipso
639 600 794 671 incipientis
804 618 860 657 suae
870 601 1015 656 erectionis
1026 604 1176 657 certamine
1185 604 1318 673 dejicitur.
1326 604 1399 672 Quid

163 702 273 757 multa?
282 702 365 757 Venit
373 718 438 771 ergo
448 705 557 770 tempus
566 701 595 754 in
606 715 662 767 quo
672 700 738 767 justi
750 699 868 755 arbitri*
879 699 930 763 sui,
941 700 1015 754 Petri
1026 701 1160 768 videlicet,
1172 703 1223 772 piae
1234 703 1399 776 moderatio·

164 799 624 872 uisdispensatioimpleretur,qui
637 797 1398 870 ailadillum:Fltiblorce,perpeAlexandriumpre-
1466 798 1471 810 '

163 901 228 954 dicu
241 900 382 952 Christum
392 899 495 962 qum,
507 898 579 964 quod
590 897 648 964 ipre
658 912 718 948 vere
728 899 764 949 rit
777 897 829 957 Dei
840 896 939 950 Filius.

197 997 331 1066 Suscepto
340 996 459 1064 deniqne
468 995 504 1048 ab
513 1010 547 1048 eo
560 992 759 1047 benedictionis
768 993 908 1061 donqlivo,
915 995 1002 1064 pergit
1011 995 1213 1062 Alexandriam,
1221 997 1398 1067 Evangelium

164 1097 280 1167 quidem
298 1095 373 1163 quod
391 1091 477 1163 nuper
494 1093 552 1163 ipse
568 1092 666 1146 Romu
682 1092 795 1160 positus,
808 1097 917 1160 rogatus
929 1110 946 1146 a
957 1093 1088 1148 iratribus
1104 1095 1234 1160 ediderat,
1251 1097 1398 1166 probatura

165 1193 240 1249 Petri
250 1194 422 1257 auctoritate,
431 1208 534 1256 secum,
544 1190 661 1245 coelestis
669 1190 786 1261 portitor
795 1190 925 1256 thesauri,
933 1191 1067 1247 deterens.
1076 1192 1177 1248 Christi
1186 1194 1279 1263 itaque
1288 1211 1399 1259 nornen,

165 1292 242 1361 qnod
260 1296 304 1346 est
319 1307 401 1360 super
413 1306 494 1345 omne
507 1305 618 1353 nornen,
630 1288 695 1358 qnia
707 1303 762 1341 uon
774 1287 849 1341 aliud
861 1292 903 1341 est
913 1304 1014 1342 nornen
1028 1288 1055 1342 iu
1071 1306 1126 1359 quo
1139 1295 1264 1360 oporteat
1280 1308 1331 1346 nos
1347 1292 1399 1346 sal·

166 1407 217 1445 ros
236 1391 306 1455 lieri,
325 1390 431 1459 primus
453 1387 627 1443 Alexandria
649 1385 777 1450 innotuit,
800 1386 893 1456 ibique
916 1387 1026 1442 Domini
1049 1388 1200 1442 Ecclesiam
1220 1390 1399 1455 consecravit,

166 1489 270 1545 Christi
291 1489 425 1557 sanguine
445 1486 597 1541 exhibitam
616 1484 675 1539 sine
696 1484 867 1539 macularet
888 1501 962 1554 ruga.
982 1471 1097 1552 Quanta
1115 1487 1197 1555 igitur
1217 1488 1399 1544 multitudinis

167 1604 301 1643 numerus
320 1588 491 1642 credentium
509 1585 652 1653 utriusque
670 1600 760 1648 sexus,
772 1584 894 1638 virorum
912 1584 1016 1638 scilicet
1032 1601 1064 1639 ac
1082 1585 1274 1651 mulierum,in
1285 1587 1399 1641 exordio

167 1686 305 1741 sermonis
317 1686 377 1754 ejus
388 1702 418 1739 se
430 1683 576 1739 contulerit
588 1683 622 1736 ad
634 1681 811 1747 audiendum,
828 1681 908 1736 Philo
926 1682 1119 1736 disertissimus
1134 1683 1302 1748 ludaeorum,
1319 1684 1348 1737 iu
1365 1701 1399 1757 eo

167 1789 216 1856 qul
237 1789 272 1842 de
294 1789 357 1841 Vita
381 1788 512 1839 Theortco
531 1783 656 1839 titulatus
676 1780 819 1849 inspicitur
839 1780 941 1845 libello,
961 1782 1044 1835 refert
1064 1782 1127 1836 ita:
1149 1785 1159 1808 ⁸
1180 1783 1281 1848 Primo,
1302 1784 1399 1853 inquit,

166 1886 293 1956 ingressu
303 1887 363 1954 ejus
375 1885 403 1938 in
415 1882 618 1945 Alexandriam,
628 1882 753 1950 exemplo
766 1881 922 1935 sobrietatis
934 1881 993 1950 ejus
1002 1886 1029 1935 et
1037 1881 1213 1935 continentie
1224 1886 1308 1936 tautae
1319 1882 1400 1937 dero·

168 1984 253 2039 tionis
264 1985 413 2039 multitudo
425 1983 596 2038 credentium
608 1982 660 2036 luit
676 1987 848 2052 congregata,
859 1988 890 2035 ut
902 1983 984 2036 etiarn
994 1982 1166 2036 conversatio
1179 1998 1275 2036 eorum
1293 1981 1341 2051 qui
1351 1997 1400 2050 per

168 2085 260 2152 ipsum
279 2082 452 2137 crediderant
469 2088 497 2136 et
508 2081 565 2135 rita
581 2081 665 2135 totius
682 2080 857 2135 continentiae
874 2097 906 2134 ac
924 2081 993 2149 lrugi
1006 2096 1102 2134 eorum
1114 2080 1260 2149 sobriaque
1272 2080 1400 2135 convivia

167 2182 303 2236 librorum
315 2181 456 2236 memoriae
468 2179 551 2234 inseri
562 2180 766 2233 mandarentur.
781 2221 791 2244 ,
806 2179 894 2233 Etiam
907 2184 935 2233 et
945 2178 1052 2248 Papias,
1064 2178 1283 2248 hierapolitanus
1294 2177 1399 2247 episco-

169 2297 230 2351 pus,
242 2280 361 2349 plurima
377 2279 405 2332 in
422 2278 479 2332 suis
491 2277 655 2334 commentis
673 2277 808 2346 valdeque
820 2277 950 2347 praeclara
966 2278 1049 2344 hujus
1066 2277 1148 2331 hlarci
1160 2276 1250 2331 iconia
1261 2277 1398 2347 praecipuo

170 2380 310 2435 delucidat
325 2378 388 2432 stilo
407 2383 436 2432 et
453 2378 605 2432 rectissime
624 2379 690 2432 satis
707 2358 845 2447 perpetuis
862 2378 1056 2432 commendata
1074 2377 1216 2432 memoriis
1233 2394 1283 2446 pro
1306 2379 1398 2433 futuro

168 2483 265 2547 utpote
275 2477 405 2532 describit
416 2477 611 2530 emolumento.
622 2477 773 2531 Instituisse
782 2477 869 2529 fertur
877 2476 960 2530 etiam
970 2491 1103 2530 canonem
1114 2476 1188 2544 apud
1196 2475 1398 2541 Alexandriam,

169 2577 223 2631 hoc
235 2583 278 2631 est
289 2582 363 2631 recte
374 2578 483 2631 vivendi
496 2579 619 2647 regulam
632 2583 767 2647 rectaeque
785 2577 848 2631 fidei
865 2576 1045 2645 disciplinam,
1058 2593 1142 2646 quam
1159 2576 1270 2646 quidem
1288 2581 1398 2645 praesta·

167 2676 250 2730 bilius
267 2675 394 2745 exemplo
412 2676 545 2746 religiosae
562 2677 625 2730 vitae
642 2693 725 2746 quam
743 2675 850 2745 graphii
863 2675 1007 2744 fragilitate
1019 2676 1114 2730 videas
1124 2675 1317 2745 expolivisse*.
1328 2677 1397 2730 Nam

168 2776 404 2844 quemadmodum
416 2777 505 2829 Lucas
516 2775 733 2830 luculentissimo
745 2774 808 2829 stilo
821 2774 941 2828 declarat
961 2774 1159 2844 Hierosolymis
1170 2775 1223 2828 sub
1235 2774 1323 2830 beatis
1334 2793 1398 2846 apo·

166 2874 245 2929 stolis
256 2875 441 2929 multitudinis
459 2875 628 2929 credentium
646 2890 706 2928 esse
723 2891 770 2927 cor
787 2890 873 2927 unum
891 2879 919 2927 et
936 2874 1056 2927 animam
1075 2890 1168 2938 unam,
1185 2878 1213 2928 et
1229 2875 1304 2943 quod
1315 2891 1397 2930 nemo

167 2990 265 3050 eorum
278 2974 398 3028 audebat
410 2973 514 3042 aliquid
526 2989 616 3027 rerum
629 2973 805 3027 commodum
818 2988 899 3026 suum
911 2972 1009 3034 dicere,
1018 2973 1066 3026 sed
1075 2977 1153 3027 eraut
1162 2973 1214 3027 illis
1223 2973 1317 3027 omnia
1325 2991 1398 3028 com·
1455 3008 1457 3010 -

168 3073 280 3136 munia;
293 3072 426 3142 quidquid
437 3078 530 3126 autem
540 3072 610 3140 J‘uris
622 3071 827 3140 possessionum
841 3071 935 3140 praedii
947 3071 989 3125 sui
1002 3071 1192 3136 vendicabant,
1201 3073 1274 3127 bono
1288 3089 1399 3127 renum-

168 3172 267 3226 dantes
283 3171 386 3235 auimo,
395 3172 535 3241 ponebant
553 3172 641 3239 pretia
657 3176 721 3225 ante
739 3171 822 3239 pedes
834 3170 1030 3239 apostolorum,
1041 3170 1270 3239 dividebaturque
1286 3171 1400 3239 singulis

168 3274 251 3338 prout
263 3269 362 3339 cuique
380 3285 448 3338 opus
461 3274 538 3322 erat:
552 3270 589 3324 ita
601 3268 653 3322 sub
670 3269 769 3331 Marco,
787 3268 945 3337 evangelico
957 3267 1077 3330 doctore,
1090 3267 1274 3321 Alexandrina
1286 3267 1399 3321 ecclesia

167 3385 233 3423 cum
246 3369 290 3422 his
302 3369 349 3438 qui
362 3369 489 3423 destinati
512 3372 590 3421 eraut
601 3368 636 3422 ad
648 3368 733 3421 vitam
752 3372 891 3429 aeternam,
903 3366 1053 3420 secundum
1072 3367 1124 3420 hoc
1140 3366 1319 3435 proculdubio
1336 3383 1400 3435 apo-

167 3465 274 3520 stolicae
285 3465 411 3519 tonnulae
423 3464 587 3529 institutum,
599 3465 627 3519 in
637 3468 732 3518 sancta
744 3481 773 3517 se
785 3464 876 3518 modis
888 3463 1018 3518 omnibus
1032 3479 1159 3517 exercere
1170 3464 1276 3517 studuit
1288 3478 1399 3518 conver·

167 3566 289 3620 satione.

202 3663 293 3730 Quem
304 3663 415 3731 quidem
425 3663 537 3716 beatum
546 3661 666 3715 llarcum
677 3662 755 3729 juxta
767 3661 849 3715 ritum
862 3661 979 3716 carnalis
991 3661 1115 3715 sacrificii
1127 3661 1304 3730 pontificatus
1316 3664 1400 3733 apicis

166 3761 292 3832 petalum
304 3761 332 3814 iu
344 3761 445 3830 populo
457 3765 576 3829 gestasse
586 3761 752 3823 ludaeorum,
764 3763 921 3814 illustrium
937 3763 1060 3814 uirorum
1076 3762 1295 3830 chronographia
1312 3763 1400 3817 decla-

167 3867 220 3917 rat
232 3863 272 3916 Ex
285 3878 339 3931 quo
351 3861 481 3915 nimirum
491 3860 663 3915 manifestius
672 3861 753 3915 datur
764 3860 876 3929 intelligi
888 3861 922 3913 de
934 3860 1018 3930 stirpe
1027 3861 1129 3915 levitici
1138 3861 1246 3931 generis
1257 3862 1401 3917 affinitatis

166 3978 233 4016 eum
246 3960 386 4031 proprium
403 3976 488 4030 genus
500 3959 619 4023 duxisse,
634 3960 668 4012 de
686 3960 759 4013 tribu
771 3959 898 4013 videlicet
909 3960 985 4020 Levi,
996 3961 1043 4028 qui
1061 3977 1094 4014 ex
1113 3961 1259 4015 duodecim
1271 3961 1401 4016 tribubus

166 4060 290 4116 tiliorum
303 4059 387 4114 lsrael
398 4060 434 4113 ad
443 4060 547 4113 cultum
559 4059 707 4112 sanctuarii
717 4058 895 4127 proscribitur
906 4063 933 4112 et
942 4063 974 4113 ut
984 4059 1138 4113 sacerdotio
1151 4060 1179 4113 irr
1190 4059 1313 4128 figuratis
1325 4061 1400 4115 victi-

166 4159 231 4222 mis,
242 4159 330 4212 donec
342 4157 443 4211 veritas
455 4157 622 4211 elucesceret
633 4156 798 4225 fungeretur,
811 4156 925 4224 eligitur.

201 4257 279 4311 Nunc
297 4262 390 4310 autern
408 4256 441 4310 nd
460 4255 609 4324 gloriosum
622 4254 807 4308 invictissima·
823 4254 958 4323 passionis
970 4257 1030 4324 ejus
1041 4272 1158 4324 agonem
1170 4256 1269 4310 calami
1287 4261 1328 4311 est
1344 4273 1400 4312 non

165 4357 252 4428 pigris
264 4356 391 4424 passibus
405 4355 580 4419 veniendum,
591 4354 710 4423 qualiter
722 4354 768 4407 illa
779 4370 841 4423 quae
852 4354 973 4423 reposita
982 4355 1007 4409 ei
1020 4356 1091 4424 apud
1103 4355 1297 4410 Alexandriam
1307 4356 1400 4410 dirino

165 4456 229 4524 iure
240 4472 289 4525 per
301 4455 395 4511 omnia
411 4453 504 4509 secula
515 4454 684 4516 servabatur,
698 4458 760 4521 post
771 4453 878 4507 eximiae
895 4453 1016 4509 rictoriae
1027 4460 1166 4508 certarnen
1181 4455 1246 4509 data
1264 4455 1303 4510 illl
1320 4455 1401 4510 suerit
