3142 5392
311 308 382 382 382
644 329 770 382 aaran.
795 329 898 381 cono.
925 329 1211 382 aaaroonaernc.

472 518 582 584 Karoli
593 519 701 598 Magni
716 518 919 601 imperatoris
934 519 1000 596 filii,
1011 539 1099 584 armo
1115 538 1147 583 xr
1162 520 1264 603 regni
1276 520 1346 597 sui,
1358 520 1402 583 ab
1413 520 1544 586 lamma·

473 617 560 683 tione
570 638 647 682 vcro
662 617 790 681 Domini
804 632 955 680 acaccnrr
973 618 1057 700 (sia).

408 771 446 843 d⁰
470 770 556 843 Vita
572 793 616 843 ac
631 768 757 863 passio
771 768 831 841 Sloe
846 769 1022 841 Barbarae
1039 767 1202 860 virginis
1220 776 1261 843 et
1275 769 1459 863 martyris
1469 772 1545 863 [una

458 915 543 965 cum
560 891 864 966 translationibus
880 896 916 964 ct
933 890 1121 964 miraculis
1136 892 1241 986 ejus]
1261 893 1350 985 (fol.
1370 894 1521 983 32‘60').

343 1031 407 1085 Haeo
419 1031 511 1085 omnia
528 1031 639 1084 fuciunt
650 1031 715 1084 olim
728 1031 799 1099 typis
816 1029 1000 1091 mandatam
1017 1034 1091 1098 patet
1109 1046 1142 1083 ea
1162 1032 1368 1101 sequentihus
1378 1048 1441 1101 qua
1451 1033 1544 1101 pretim

310 1129 436 1197 leguntur
447 1129 555 1182 cuidam
568 1128 724 1196 apographo
737 1127 859 1194 ejusdem
870 1126 1007 1180 Passionis
1018 1127 1155 1196 descripto
1170 1144 1207 1181 ex
1221 1128 1330 1183 codice
1340 1129 1544 1183 Ruheaerallm

312 1228 396 1308 (quod
404 1228 590 1297 apographum
603 1243 675 1280 nunc
688 1226 715 1280 in
724 1226 792 1279 Bibl.
802 1226 1125 1295 RegiaBruxelleusisub
1135 1229 1302 1282 num.8964
1310 1228 1386 1282 inter
1394 1228 1543 1284 collectanea

311 1326 491 1380 Bollandiana
502 1333 671 1381 asservatur:
682 1329 709 1380 S.
721 1328 856 1392 Barbara,
865 1328 1087 1380 auctoredoaaur
1095 1329 1128 1379 de
1142 1328 1545 1395 Wackereeeleaupaatiaiana

312 1428 453 1480 Habentur
474 1429 527 1481 har
546 1430 646 1493 omnia,
664 1434 768 1494 excepto
782 1428 895 1493 prologo
916 1433 940 1478 ct
956 1428 1090 1479 miraculo
1113 1429 1222 1492 ultima,
1247 1431 1281 1480 r‘a
1307 1429 1385 1482 libro
1405 1430 1543 1485 tralatam

311 1528 498 1581 Bruxellenar's
508 1529 537 1579 ia
548 1531 585 1587 4⁰,
597 1528 670 1579 corio
679 1527 763 1591 aratro,
774 1527 803 1577 in
818 1541 869 1592 qrto
882 1527 961 1576 carta
974 1527 1088 1592 antiqua
1101 1528 1252 1592 impressa,
1263 1530 1332 1580 siae
1340 1546 1418 1583 anno
1424 1549 1436 1595 ,·
1447 1534 1474 1583 in
1481 1535 1542 1600 pria·

310 1629 380 1694 cipio
394 1634 430 1679 eat
443 1627 557 1678 Pateant
570 1626 651 1692 Virgo
669 1626 860 1688 Bellisontana.
879 1624 951 1675 Idem
972 1625 1129 1690 oparcutam
1146 1640 1201 1677 reos
1219 1624 1349 1685 (scilicet
1360 1629 1431 1682 socii
1450 1629 1541 1685 Bollan-

311 1723 395 1791 diani)
404 1726 532 1778 habemas
542 1727 701 1790 irnpraesam
712 1726 811 1789 inteprr
819 1739 878 1775 cram
891 1723 969 1774 litato
980 1729 1003 1774 et
1014 1724 1124 1788 prolopo
1135 1741 1199 1775 curn
1213 1725 1339 1791 arpenas
1352 1727 1381 1780 S.
1398 1727 1543 1785 Gathar-iu

343 1825 383 1878 De
392 1825 443 1877 hac
451 1823 566 1891 legenda
577 1822 603 1876 S.
615 1822 741 1875 ltarharae
754 1822 783 1874 cl
784 1840 801 1874 r.
811 1821 893 1874 etiarn
904 1837 973 1889 opus
984 1820 1086 1873 Nicolai
1097 1821 1198 1875 Mulier
1206 1822 1233 1876 S.
1243 1823 1271 1876 J.
1282 1843 1290 1878 :
1304 1827 1380 1879 Acta
1392 1828 1422 1881 S.
1431 1829 1544 1883 Bartm

309 1925 425 1989 oirpinr'a
443 1931 466 1976 et
485 1924 625 1989 martyria
643 1929 764 1988 patrona
776 1923 955 1986 morientium,
975 1921 1005 1974 in
1025 1936 1080 1987 quo
1101 1925 1130 1974 et
1149 1922 1301 1977 nonnulla
1326 1925 1418 1995 ipsius
1439 1926 1543 1997 legend!

310 2024 436 2088 excerpta
459 2023 487 2072 et
506 2018 562 2072 lere
583 2018 677 2071 omnia
693 2017 826 2070 miracula
843 2017 872 2070 in
884 2017 978 2070 codice
992 2016 1087 2079 relata,
1106 2018 1207 2072 ordine
1226 2024 1333 2075 tamen
1354 2023 1467 2079 inverso
1481 2042 1543 2095 repe·

310 2120 425 2174 riantur.

343 2219 475 2288 Prologus
487 2217 515 2271 in
524 2216 613 2270 Vitam
627 2232 657 2269 ac
667 2215 827 2269 Passionem
840 2215 867 2268 in
880 2216 940 2268 cod.
952 2215 990 2269 sic
1003 2215 1115 2284 incipit:

342 2318 407 2371 Viro
424 2317 533 2371 cuidam
551 2316 659 2370 devoto.
671 2315 815 2384 spectabili
827 2331 858 2368 ex
872 2316 1000 2384 prosapia
1011 2316 1137 2379 oriundo,
1151 2316 1216 2371 viro
1227 2318 1356 2389 inquam
1367 2325 1544 2394 magneboni

310 2416 381 2480 tatis,
392 2415 505 2484 majoris
516 2415 668 2468 honestatis
680 2431 711 2467 ac
724 2413 852 2468 maximae
861 2413 981 2466 caritatis
989 2415 1109 2483 quidam,
1118 2414 1186 2469 licet
1195 2417 1348 2489 indignus,
1357 2438 1446 2477 sacrae
1456 2424 1545 2494 pagine

310 2516 448 2584 professor
458 2514 573 2567 salutem
593 2519 621 2566 et
632 2512 755 2566 osculum
768 2512 866 2581 pacis...
876 2515 983 2566 Desinit
994 2532 1003 2566 :
1014 2513 1046 2566 Et
1063 2513 1085 2566 si
1104 2513 1173 2582 quid
1190 2515 1296 2571 minus
1314 2520 1393 2575 bene
1409 2522 1544 2577 dictumin

309 2631 342 2668 eo
352 2613 483 2683 reperitis,
494 2628 563 2666 meae
572 2611 718 2665 adscribite
730 2611 912 2680 simplicitati;
925 2613 995 2665 bene
1007 2612 1109 2665 dictum
1120 2629 1189 2667 rero
1200 2614 1315 2671 divinae
1324 2620 1473 2690 imputetis
1482 2622 1545 2677 honi

309 2713 366 2766 tati.
377 2713 419 2765 Ab
428 2728 461 2766 ea
473 2717 514 2765 cst
523 2710 595 2764 enim
606 2726 688 2763 omne
700 2709 938 2778 datumoptimum
951 2716 978 2765 et
987 2727 1070 2764 omne
1082 2711 1189 2766 donum
1199 2716 1379 2782 perlectum,
1391 2720 1547 2775 descendens

309 2828 325 2863 a
337 2809 416 2863 Patre
428 2809 572 2861 luminum.
582 2808 631 2862 Cui
642 2807 677 2861 sit
685 2808 776 2861 honor
788 2812 816 2860 et
827 2807 913 2875 gloria
923 2808 1050 2862 insecuta
1062 2808 1233 2865 seculorum.
1246 2813 1358 2871 Arnen.

341 2905 403 2972 Ipsa
412 2903 526 2972 legenda
535 2902 608 2967 (Vita
619 2907 646 2955 et
657 2901 761 2967 Passio)
773 2901 812 2955 sic
825 2901 934 2970 incipit:

341 3002 466 3056 veridica
475 3000 607 3070 evangelii
618 3001 759 3055 sanctione
769 3001 937 3069 comperitur
945 3006 1028 3068 caput
1038 3001 1240 3072 triumphantis
1254 3015 1286 3062 et
1298 3012 1454 3067 militantis
1463 3013 1547 3067 mnan

309 3101 435 3154 Ecclesia
453 3106 562 3164 nostrae,
580 3100 728 3153 Dominum
750 3099 941 3154 universorum
960 3100 1107 3163 Christum,
1124 3103 1180 3157 hoc
1201 3107 1329 3162 verbum
1349 3113 1548 3179 protulissent

308 3198 416 3271 animos
436 3198 558 3251 fidolium
579 3197 693 3250 ferirent
710 3196 803 3250 durius
816 3197 908 3262 jacula
927 3213 983 3250 non
995 3198 1111 3266 praevisa
1123 3218 1129 3251 :
1140 3198 1314 3259 Trademini
1335 3222 1355 3259 a
1372 3209 1548 3277 pmentibm.

310 3299 434 3350 Desinit:
446 3302 614 3363 cantansque
627 3295 762 3348 nauticum
775 3312 878 3349 norum
893 3296 920 3349 in
932 3296 1099 3350 exultatione
1117 3302 1144 3350 et
1161 3300 1280 3367 gaudio.
1294 3304 1377 3361 Voce
1395 3307 1548 3380 infatigabili

308 3396 379 3464 apud
392 3396 465 3449 hunc
477 3396 583 3464 dgnum
597 3394 722 3464 dignetur
733 3411 783 3463 pro
799 3395 879 3449 nobis
891 3395 1063 3461 intervenire,
1085 3401 1115 3451 ut
1131 3398 1255 3455 maculis
1275 3405 1419 3462 omnibus
1436 3411 1550 3479 expiatu

308 3512 358 3548 suo
371 3511 422 3548 nos
434 3494 534 3548 vellere
549 3494 612 3548 velit
621 3493 742 3561 induere,
752 3499 779 3547 et
796 3511 867 3563 quos
879 3495 995 3549 redemit
1005 3497 1138 3565 sanguine
1150 3513 1203 3551 suo
1215 3514 1279 3555 non
1298 3504 1380 3559 sinat
1393 3508 1451 3575 juri
1468 3509 1549 3575 subja·

308 3611 368 3647 cere
380 3593 479 3647 alieno.
496 3592 537 3646 hd
550 3592 659 3646 laudern
679 3598 707 3646 et
722 3592 837 3661 gloriam
856 3594 975 3647 nominis
993 3593 1044 3658 sui,
1054 3595 1101 3665 qui
1113 3612 1178 3649 curn
1197 3596 1288 3654 Patre
1300 3607 1331 3656 et
1343 3604 1455 3674 Spiritu
1464 3612 1548 3661 macto

309 3695 376 3748 vivit
387 3698 415 3747 et
426 3698 521 3762 regnat
533 3693 560 3745 in
573 3692 666 3745 secula
678 3693 843 3747 seculorum.
855 3693 951 3747 Amen.
1378 3758 1382 3763 ¹

340 3792 469 3846 lliracula
481 3791 520 3844 sic
529 3791 676 3861 incipiunt:
689 3792 819 3846 Promere
832 3792 944 3861 cupiens
955 3793 1050 3847 laudes
1061 3794 1309 3853 excellentissimae
1318 3803 1444 3873 virginis
1451 3813 1479 3861 et
1488 3821 1548 3860 me

308 3891 373 3958 tyris
382 3890 517 3952 Barbara,
530 3906 637 3958 sponsae
647 3889 748 3944 Christi
761 3889 935 3953 beatissima,
947 3891 1065 3945 occurrit
1076 3891 1189 3946 menti...

339 3989 430 4042 Prima
447 3988 601 4041 Translatio
622 3988 911 4059 incipitzsscnedictus
930 3989 1064 4044 Dominus
1081 3990 1156 4044 Deus
1175 3991 1275 4057 lsrael,
1294 3997 1349 4065 qui
1371 3999 1414 4055 sie
1433 4002 1549 4071 dignata

308 4087 416 4141 visitare
425 4087 556 4157 populum
566 4104 644 4141 suurn
655 4087 864 4142 christianitatis
871 4088 1029 4142 charactere
1038 4089 1247 4158 insignitumut
1256 4096 1431 4163 aequalitate
1439 4100 1546 4170 quadam

307 4200 385 4252 pares
397 4201 493 4238 omnes
505 4184 587 4238 faciat
598 4184 625 4239 in
637 4185 778 4254 sanguinis
790 4185 947 4254 perfusione
965 4185 1006 4240 sui
1018 4187 1112 4240 lateris
1128 4187 1233 4256 pariter
1247 4195 1278 4244 et
1289 4208 1389 4263 aquae,
1400 4213 1455 4251 nee
1464 4211 1546 4266 perso-

307 4299 403 4337 narum
422 4289 464 4336 cst
481 4289 618 4353 exceptor,
635 4285 684 4338 sed
701 4285 871 4339 abundantia
887 4302 944 4340 sua
964 4285 1073 4355 pietatis
1090 4285 1221 4355 piissimae
1243 4294 1275 4343 et
1292 4294 1429 4350 caritatis
1445 4296 1547 4367 largitor

305 4384 464 4449 gratiarum.
476 4383 502 4436 ls
513 4399 580 4436 vero
596 4400 677 4438 suum
690 4384 726 4437 ad
742 4384 851 4437 libitum
865 4384 904 4438 ire
923 4402 1038 4440 cernens
1050 4387 1184 4441 mundum
1201 4404 1256 4456 per
1274 4391 1406 4464 abrupta
1424 4396 1545 4451 vitiorum

306 4482 549 4551 infidelitatemque
560 4499 739 4547 succressere,
751 4484 921 4553 permaxime
933 4487 1005 4538 circa
1016 4490 1108 4554 partes
1117 4485 1233 4555 Egypti,
1244 4489 1389 4559 cogitavit
1400 4494 1430 4548 in
1442 4492 1546 4549 buddi-

305 4584 361 4634 tate
372 4587 578 4650 perseverantes
595 4580 687 4635 delere
707 4581 735 4635 in
753 4581 946 4652 iniquitatibus
962 4583 1043 4637 suis...
1053 4583 1292 4651 Desinit:Quiob
1304 4588 1367 4645 hoc
1379 4592 1546 4648 oblitivicto·

304 4679 381 4743 nam,
393 4680 481 4735 solum
501 4681 534 4734 de
554 4682 684 4735 thesauro
705 4680 840 4751 spirituali
857 4681 1066 4750 gratulabantur
1082 4682 1204 4747 invento,
1223 4699 1326 4753 quem,
1348 4690 1482 4747 videlieet
1496 4696 1544 4745 tan
