3142 5392
182 369 274 420 aran.
294 368 375 421 nac.
393 367 566 421 annania.
586 390 632 400 -
651 369 799 423 aenaim.
818 371 865 422 ao
882 372 962 424 con.
980 363 1019 423 u⁰
1037 371 1161 427 arar-u.
1218 355 1291 429 563

57 559 107 613 stis
116 563 143 612 et
156 559 185 614 in
197 558 412 613 remissionem*
424 563 600 627 peccatorum
613 559 768 628 injunxistis
776 561 913 630 quatinus,
922 578 985 617 cum
997 562 1066 617 mihi
1078 571 1195 633 vacaret,
1205 573 1233 621 et
1244 567 1291 622 illa

58 661 115 710 tum
126 656 217 710 adhuc
227 656 349 726 dispersa
356 657 390 710 de
399 656 499 727 quibus
507 657 615 712 locutus
624 658 739 722 sueram,
748 659 880 713 miracula
887 661 996 716 cultiori
1003 678 1089 730 quam
1098 680 1206 731 possem
1218 683 1291 721 com·

57 754 233 824 paginatione
242 760 443 821 connecterem,
453 757 588 825 vobisque
595 773 650 810 non
661 757 713 811 nisi
722 758 849 826 copulata
859 775 921 813 cum
931 760 1061 829 predicta
1072 762 1187 818 historia
1195 781 1292 835 oppor·

57 856 175 909 tunitate
187 860 268 909 nacta
277 855 501 918 transmitterem,
513 856 556 910 vel
569 857 655 925 (quod
668 857 747 911 vobis
756 857 877 926 optatius
888 859 970 925 esset)
987 876 1036 929 per
1047 877 1092 914 me
1104 862 1193 932 ipsum
1205 865 1293 920 doler-

23 961 39 1009 5
57 970 126 1008 rem.
146 953 238 1008 ilnnui
256 959 284 1007 et
301 955 354 1008 boc
374 954 463 1008 libens
480 960 508 1010 et
527 955 754 1024 gratulabundus,
762 972 819 1011 non
838 956 949 1026 ignams
965 975 1065 1028 magno
1082 961 1152 1015 mibi
1168 967 1294 1019 constare

56 1053 148 1106 fructu
159 1053 263 1107 favoris
274 1054 358 1108 vestri
376 1058 403 1108 et
415 1055 509 1124 gratia
527 1060 554 1109 et
571 1054 685 1109 honoris
696 1055 731 1109 ad
744 1059 876 1124 posteros.
888 1056 910 1110 si
923 1057 982 1111 bac
991 1058 1098 1113 decenti
1110 1064 1293 1130 competentia

55 1152 188 1222 perdicere
202 1152 395 1221 praevalerem
408 1153 500 1216 annui,
513 1154 634 1223 inquam,
646 1154 694 1210 sed
712 1156 830 1209 necdum
842 1156 918 1224 quod
929 1159 1130 1226 spoponderam
1139 1160 1219 1226 plene
1230 1179 1294 1217 exe·

55 1257 136 1306 cutus
153 1268 215 1305 sum
233 1255 273 1318 (ut
290 1253 400 1322 culpam
411 1253 519 1321 fatear),
536 1259 564 1308 et
575 1253 745 1323 negligentiae
762 1254 861 1310 inertia
877 1255 994 1311 iaciente
1006 1259 1293 1326 etpressuristribula·

55 1349 165 1403 tionum
174 1366 236 1418 quae
248 1367 294 1405 me
303 1355 402 1405 etanta
412 1355 440 1404 et
451 1355 513 1420 post
521 1351 640 1421 graviter
651 1351 815 1415 afflixerunt,
826 1352 896 1407 adeo
906 1358 936 1406 ut
948 1355 1058 1410 raderet
1069 1357 1191 1411 animam
1200 1375 1292 1412 meam

10 1453 38 1504 to
56 1448 121 1503 vitre
139 1466 208 1503 meae
228 1449 376 1518 officioque
387 1450 526 1519 regiminis
543 1451 730 1505 renuntiarem
748 1454 775 1505 et
790 1449 882 1506 locum
898 1452 982 1507 otiam
995 1458 1140 1510 mutarem.
1151 1456 1212 1522 Sed,
1228 1459 1294 1527 quia

55 1550 200 1618 quomodo
218 1549 253 1602 ad
271 1549 397 1604 notitiam
416 1555 515 1604 vestrae
527 1549 704 1604 beatitudinis
722 1550 893 1619 pervenerim
906 1556 934 1605 et
951 1552 985 1606 de
1002 1553 1045 1606 his
1057 1570 1117 1622 qnoe
1135 1555 1163 1610 in
1179 1557 1293 1626 praelato

55 1648 212 1702 villariensi
223 1649 391 1703 monasterio
409 1649 528 1703 diximus
540 1654 568 1703 et
584 1649 760 1713 contulimus,
777 1649 806 1705 in
823 1651 938 1719 epistola
955 1667 1039 1721 quam
1051 1653 1129 1707 vobis
1146 1659 1174 1709 et
1190 1656 1293 1711 domno

55 1747 196 1817 Philippo,
207 1748 395 1818 Razburgensi
406 1748 444 1814 (1)
457 1748 592 1819 episcopo,
605 1749 708 1818 scripsi,
721 1749 788 1804 satis
805 1750 910 1805 dictum
927 1756 977 1816 est,
992 1752 1051 1819 jam
1068 1752 1103 1806 ad
1121 1755 1294 1823 propositum

55 1863 158 1901 censeo
170 1847 374 1901 recurrendum.
742 1914 746 1920 q

10 1949 37 1999 ra
97 1943 134 2001 4.
158 1943 249 1997 Unum
272 1947 373 2010 tamen,
391 1946 541 2012 antequam
561 1948 650 2013 coepta
667 1949 797 2012 repetam.
814 1944 983 2014 insperatum
1001 1945 1103 2000 sedulae
1120 1945 1294 2016 benignitatis

44 2042 232 2111 obsequium,
253 2058 270 2095 a
292 2039 431 2094 canonicis
451 2039 572 2094 ecclesiae
593 2045 689 2094 vestrae
707 2039 846 2094 immerito
866 2039 936 2093 mihi
955 2039 1118 2111 impensum,
1138 2043 1294 2097 nullatenus

55 2141 149 2209 patior
160 2138 300 2208 praeteriri.
313 2137 380 2192 Veni
393 2137 466 2192 enim
480 2137 646 2206 ldoguntiam
659 2137 843 2192 consolandus
856 2153 873 2191 a
889 2138 968 2192 vobis
985 2142 1013 2192 et
1029 2155 1080 2193 vos
1092 2155 1142 2208 pro
1154 2157 1234 2210 posse
1250 2141 1294 2195 vel

55 2241 127 2294 scire
145 2255 208 2295 meo
227 2239 256 2293 in
273 2237 505 2297 tribulationibus,
522 2253 585 2305 quae
604 2253 653 2290 vos
671 2235 752 2291 nimis
769 2237 938 2303 invenerant,
955 2238 1152 2292 consolaturus.
1170 2239 1247 2304 Veni,
1264 2245 1295 2293 ut

55 2337 123 2402 dixi,
135 2336 246 2404 quaesivi
267 2352 325 2399 vos,
333 2335 384 2388 sed
397 2350 453 2388 non
466 2333 570 2397 iuveni;
582 2338 609 2388 et
620 2338 734 2388 ruoestus
746 2334 780 2387 de
797 2332 922 2387 absentia
940 2337 1030 2387 vestra
1042 2335 1090 2388 sed
1102 2335 1224 2390 moestior·
1235 2337 1294 2390 red-

10 2442 38 2493 to
57 2437 133 2491 ditus
144 2453 206 2489 sum
218 2451 346 2503 supereo
358 2434 432 2503 quod
442 2432 512 2487 nibil
520 2433 586 2487 certi
599 2433 633 2487 de
645 2432 733 2486 reditu
743 2437 833 2486 vestro
845 2432 979 2496 audirem,
988 2438 1015 2486 et
1025 2434 1111 2502 magis
1119 2450 1168 2504 pro
1177 2451 1211 2488 eo
1220 2437 1293 2504 quod

57 2535 94 2588 ad
107 2532 263 2601 peragenda
281 2530 420 2600 dignitatis
439 2535 536 2583 vestras
554 2529 687 2599 obsequia
705 2534 732 2584 et
749 2530 784 2583 ad
802 2530 938 2583 curandas
955 2545 1022 2584 oves
1038 2535 1151 2594 vestras,
1162 2547 1224 2599 quae
1235 2530 1295 2585 sine

56 2638 150 2687 tutore
171 2633 199 2686 in
217 2631 383 2685 immensum
403 2629 635 2700 periclitabantur,
653 2645 710 2683 non
728 2628 821 2683 liceret
840 2628 920 2683 robis
936 2628 1060 2697 quietum
1078 2633 1105 2683 et
1122 2646 1248 2684 securum
1267 2630 1295 2684 in

56 2732 125 2787 sede
138 2737 228 2785 vestra
240 2747 308 2785 esse.
321 2729 476 2783 Accedebat
487 2733 581 2782 tamen
600 2729 671 2783 inter
682 2728 741 2781 brec
758 2733 857 2782 moesta
869 2727 973 2796 aliquid
991 2727 1195 2793 consolationis,
1211 2730 1295 2798 quod,

57 2832 109 2886 etsi
122 2848 179 2885 non
189 2831 287 2894 onmis,
300 2829 417 2898 plurima
429 2845 492 2898 pars
504 2827 666 2883 clericorum
679 2832 706 2882 et
723 2827 825 2882 civium
837 2832 960 2897 speraret
972 2832 1000 2881 et
1015 2832 1127 2898 cuperet
1138 2833 1165 2882 et
1176 2829 1294 2883 affirma·

10 2937 38 2987 25
56 2937 100 2985 ret
108 2948 158 2986 vos
170 2947 233 2983 cum
243 2945 310 2999 pace
320 2933 347 2983 et
359 2945 422 2982 cum
438 2927 524 2997 gloria
536 2927 679 2981 ethonore
691 2943 747 2981 non
763 2927 867 2995 longo*
879 2931 942 2996 post
952 2926 1113 2992 rediturum,
1123 2932 1150 2997 et
1158 2928 1294 2996 adjutorio

56 3031 108 3085 Dei
120 3046 170 3098 per
182 3028 404 3082 intercessionem
422 3027 495 3081 heati
513 3026 620 3081 Martini
634 3027 668 3080 de
679 3025 900 3096 persecutoribus
918 3024 1015 3080 vestris
1032 3025 1061 3080 in
1073 3025 1151 3080 brevi
1162 3026 1294 3082 ultionem

56 3126 227 3180 habiturum.
236 3125 290 3179 Nec
300 3129 477 3195 expectantes
486 3125 578 3179 futura
588 3123 622 3177 de
631 3124 711 3177 vobis
719 3139 782 3193 spes
794 3124 847 3177 ista
859 3124 966 3178 delusit.
977 3124 1046 3177 Nam
1058 3128 1159 3178 etcum
1170 3125 1256 3194 gratia
1268 3131 1296 3180 et

57 3224 250 3280 benedictione
262 3224 357 3278 domni
369 3241 447 3294 papae
456 3228 484 3277 et
501 3223 600 3291 majori
612 3226 745 3291 provectu
757 3238 841 3291 quam
859 3228 1015 3291 speraretur
1023 3221 1158 3291 gloriosus
1169 3240 1295 3279 reversus

56 3324 136 3388 estis;
145 3329 180 3388 et,
191 3323 296 3378 ultione
312 3328 424 3392 accepta
435 3324 469 3377 de
481 3321 716 3392 impugnantibus,
725 3320 813 3375 victor
824 3321 996 3391 triumphum
1008 3321 1172 3376 obtinuistis.
1180 3322 1295 3392 Insuper

10 3432 38 3482 to
56 3424 93 3476 de
110 3422 224 3476 alterius
244 3421 437 3476 immanissimi
457 3420 554 3486 hostis,
572 3420 679 3475 fortiter
702 3420 727 3474 ei
748 3420 908 3483 resistendo,
928 3419 1047 3474 coercita
1065 3421 1125 3488 ejus
1144 3420 1293 3486 ferocitate,

56 3538 188 3592 inagnum
206 3537 403 3590 usquequaque
421 3521 531 3575 laudem
552 3519 735 3589 conquisistis.
748 3520 816 3574 Cum
834 3523 926 3573 autem
939 3519 981 3586 (ut
991 3519 1115 3588 predixi)
1125 3500 1292 3589 bloguntiam

56 3621 196 3674 venissem
201 3620 223 3684 *,
230 3619 294 3673 licet
305 3636 355 3672 vos
367 3635 424 3673 non
433 3618 594 3681 invenerim,
602 3618 786 3687 praeveniente
796 3617 906 3687 expetiti
916 3617 1046 3687 suffragio
1055 3617 1292 3687 patroni,rnultam

56 3725 84 3774 et
102 3735 215 3788 prorsus
227 3718 393 3788 insperatam
407 3719 481 3787 apud
498 3717 684 3787 praepositum,
696 3717 840 3781 decanum,
849 3720 990 3770 cantorem
1009 3720 1036 3769 et
1047 3721 1135 3771 totum
1148 3716 1293 3772 canonico·

56 3835 119 3872 rum
129 3834 238 3871 sacrum
249 3817 395 3887 collegium
404 3815 520 3886 gratiam
531 3816 631 3870 inveni.
643 3816 831 3885 interrogante
840 3819 933 3869 autem
949 3831 995 3868 me
1004 3815 1083 3883 cujus
1097 3815 1184 3869 sancti
1194 3815 1224 3870 in
1235 3820 1292 3870 tam

10 3923 39 3975 35
56 3916 159 3971 celebri
172 3916 288 3970 ecclesia
297 3916 453 3970 fruerentur
464 3915 617 3984 patrocinio
630 3915 798 3983 (quaerebam
811 3930 877 3968 uero
895 3914 949 3967 lroc
967 3929 1001 3967 ex
1013 3913 1160 3978 industria;
1171 3914 1291 3969 sciebam

56 4017 131 4070 enim
150 4015 187 4069 ab
208 4015 282 4079 olim,
299 4016 348 4069 sed
368 4015 471 4069 babere
492 4014 619 4069 volebam
640 4014 783 4069 materiam
804 4014 848 4067 vel
869 4014 1042 4068 occasionem
1062 4014 1126 4068 inde
1143 4014 1294 4084 loquendi),

56 4115 260 4184 responderunt
277 4114 452 4183 gratulatorie
473 4114 599 4168 eamdem
617 4115 668 4168 suh
686 4114 793 4168 bonore
813 4113 887 4167 beati
904 4112 1011 4167 Martini
1027 4113 1085 4166 Deo
1103 4112 1220 4168 dicatam
1233 4131 1293 4169 esse

56 4206 206 4269 ecclesiam
217 4213 338 4282 ejusque,
351 4213 487 4281 frequenti
500 4213 634 4282 probante
643 4212 819 4282 experientia,
831 4213 859 4266 in
870 4211 1078 4266 necessitatibus
1086 4212 1142 4267 suis
1155 4217 1181 4266 et
1193 4214 1292 4268 muniri

56 4312 196 4382 suffragiis
208 4317 235 4366 et
247 4312 334 4367 attolli
353 4311 501 4366 beneficiis.
511 4311 572 4378 Quo
590 4312 693 4376 audito,
710 4311 915 4380 congratulatus
930 4309 1077 4380 plurimum
1095 4327 1145 4365 nec
1162 4313 1291 4382 gaudium

91 4561 130 4627 (1)
155 4559 298 4630 Philippus
323 4575 422 4628 nempe
446 4560 533 4613 lactus
556 4562 597 4612 est
620 4574 693 4612 anno
719 4557 950 4627 tuncepiscopus
973 4559 1199 4627 Rotzeburgeuaie
1226 4559 1292 4626 (non

57 4643 277 4709 Salebrogeuaia,
289 4641 364 4709 quod
377 4640 474 4708 legitur
486 4639 514 4693 in
526 4640 693 4708 Biogruplrie
704 4639 856 4705 Noliounle,
865 4643 932 4693 tom.
942 4639 1013 4706 vlit,
1023 4647 1053 4691 11ο
1065 4641 1230 4707 curarimus).
1240 4641 1292 4695 Cir.

56 4726 153 4791 Gallie,
166 4725 256 4778 Serica
268 4727 462 4792 episcoporum,
474 4739 499 4790 p.
510 4723 567 4777 304.

1373 567 1452 643 *aa

1333 647 1500 701 remissione.

1378 3622 1392 3653 *
1404 3641 1455 3676 aaa

1350 3692 1481 3757 suppletu.
