3142 5392
287 123 380 176 oreo.
405 121 486 174 nro.
513 119 685 172 sauram.
712 140 758 150 —
784 119 864 170 coo.
891 109 929 170 n⁰
954 118 1079 171 orer-oo.
1227 99 1299 172 487

153 309 252 394 [Cap.
268 310 323 395 m]
339 309 387 374 De
401 308 607 392 reparatione
622 307 765 373 basilicae
780 307 847 390 (fol.
862 307 1004 391 3N·3i‘).
1109 240 1123 269 ὁ

102 424 182 490 ibid,
194 441 222 494 p.
233 424 352 491 mara,
364 441 441 478 num.
454 425 538 479 11-13.

153 523 251 607 [Cap.
266 523 322 607 ru]
336 523 384 588 De
404 523 501 589 beato
524 523 662 589 Martino
684 522 923 588 dedicationem
938 541 1032 588 suam
1050 521 1301 587 commendante

198 621 266 706 (iol.
279 622 424 706 311-31v).

100 727 180 792 ibid,
192 744 219 797 p.
230 729 287 793 298,
296 744 371 783 num.
385 729 426 783 13.

153 826 251 910 [Cap.
266 827 312 911 a]
328 827 376 892 De
390 800 555 892 consortie
567 831 754 893 sanctorum
765 827 904 907 Martini,
920 827 1029 891 Albini
1045 830 1079 891 et
1097 827 1218 892 Evurtii
1235 828 1300 911 (fol.

100 1039 182 1104 lbid.,
190 925 349 1109 13aess
356 1056 432 1095 num.
444 1041 527 1094 1416.

154 1138 252 1222 [Cap.
267 1139 323 1223 vr]
339 1139 386 1203 De
397 1139 495 1204 beato
509 1138 648 1204 Martino
658 1142 809 1204 sanctum
821 1139 1012 1222 Maglorium
1023 1139 1222 1221 glorificante
1233 1140 1263 1223 (f
1280 1140 1301 1205 l.

197 1238 343 1320 arv-ao).
872 1324 874 1328 y

101 1340 217 1407 Prolixa
227 1353 348 1406 narratio
360 1354 394 1406 de
404 1354 526 1421 quodam
537 1353 666 1422 languido
679 1370 696 1407 a
707 1353 733 1406 S.
745 1353 875 1423 Meglorio
886 1357 993 1419 sanato,
1004 1354 1038 1407 ad
1051 1354 1129 1423 cujus
1145 1355 1301 1423 sepulcrum

62 1452 240 1506 monentes.
249 1452 366 1507 biartino
376 1453 464 1507 fuerat
473 1452 657 1521 aparentibus
669 1452 784 1506 delatus.

155 1551 252 1634 [Cap.
266 1551 333 1634 vn]
355 1551 403 1616 De
424 1553 522 1617 beato
544 1550 682 1616 Martino
702 1549 909 1633 praecipiente
930 1551 1045 1633 angelo
1065 1554 1103 1616 ut
1134 1551 1303 1618 reduceret

197 1650 343 1714 animam
363 1669 423 1732 pro
444 1670 511 1732 qua
524 1654 656 1715 sanctus
674 1650 849 1732 Maglorius
864 1649 1002 1714 Domino
1017 1650 1220 1733 supplicabat
1236 1651 1302 1735 (ror.

198 1748 346 1830 aar-arv).

102 1865 146 1918 De
152 1864 251 1918 eodem
255 1865 357 1931 iuvene
364 1868 459 1933 postea
468 1864 540 1932 apud
547 1863 702 1933 sepulcrum
710 1863 859 1932 SNaglorii
866 1863 899 1917 ad
908 1863 992 1917 vitam
998 1869 1126 1919 revocato
1136 1865 1303 1920 otreiereute

58 1963 138 2033 quid
151 1963 251 2032 angelo
262 1980 313 2017 suo
332 1964 400 2017 duce
412 1963 510 2018 viderit
522 1968 549 2017 et
565 1963 706 2032 quomodo
723 1968 841 2017 testante
852 1963 912 2032 ipso
924 1963 1040 2017 Nartino
1052 1964 1086 2017 ad
1104 1981 1199 2034 preces
1215 1966 1303 2020 sancti

66 2059 200 2130 Maglorii
212 2061 348 2116 revixerit

158 2160 423 2245 [Cap.vu1.]De
448 2161 670 2242 experimento
694 2159 826 2242 pietatis
847 2161 935 2225 beati
961 2160 1089 2225 Martini
1115 2162 1302 2244 aquodam

198 2259 359 2323 monacho
374 2257 572 2340 Signiacensi
586 2258 721 2323 recitato
736 2259 769 2323 in
783 2259 870 2324 hunc
884 2259 1018 2324 modum
1034 2260 1101 2341 (iol.
1118 2261 1261 2345 381-38').

104 2375 147 2428 De
156 2375 278 2444 quodam
285 2374 390 2429 novitio
399 2375 522 2428 fervente
530 2374 642 2443 quidem
651 2375 756 2444 spiritu,
765 2376 812 2443 qui
820 2379 914 2428 tamen
923 2375 959 2429 ob
969 2375 1153 2430 tentationum
1162 2377 1303 2431 molestiae

68 2474 168 2542 fugam
180 2473 373 2540 meditabatur,
385 2474 433 2526 sed
444 2489 462 2526 a
477 2478 573 2527 sancto
585 2473 701 2528 Martino
713 2473 766 2526 sibi
778 2480 926 2543 apparente
938 2474 1110 2528 confortatus
1128 2475 1156 2528 iu
1174 2474 1303 2544 religione

71 2572 271 2642 perseveravit

158 2670 253 2753 [Cap.
267 2671 323 2754 nn]
342 2671 492 2737 Narratio
506 2671 677 2754 cujusdam
699 2670 783 2735 servi
806 2670 865 2735 Dei
886 2671 927 2736 de
951 2673 1107 2736 contracti
1132 2673 1302 2738 sanatione

200 2770 267 2853 (fol.
283 2769 429 2853 ¹⁹›8v-1Nt).

107 2875 168 2930 Vid
179 2875 304 2945 Append.

158 2973 253 3057 [Cap.
267 2974 313 3058 n]
328 2974 478 3039 Narratio
493 2975 664 3058 cujusdam
678 2974 738 3038 viri
753 2974 811 3039 Dei
824 2974 890 3058 (iol.
900 2974 1043 3058 dtr-421).

106 3089 168 3142 vid.
180 3089 304 3158 Appeud.

157 3188 252 3272 [Cap.
266 3187 323 3271 xc]
347 3187 394 3251 De
409 3187 481 3270 igne
505 3187 652 3252 infernali
670 3188 812 3253 extincto
824 3208 883 3270 per
896 3188 1032 3255 beatum
1046 3190 1220 3256 Martinum
1235 3192 1301 3274 (iol.

197 3285 344 3368 rer-ru).

107 3402 146 3456 Ex
158 3401 318 3456 testimonio
335 3401 478 3469 cujusdam
495 3401 619 3456 Anselmi
630 3402 739 3456 abbatie
750 3407 877 3456 narratur
897 3403 971 3457 luern
993 3404 1141 3472 quamdam
1153 3421 1215 3473 quaa
1227 3405 1302 3459 velut

75 3499 205 3555 edacibus
217 3499 335 3552 dammis
351 3499 481 3553 interiora
499 3500 644 3554 hominum
664 3501 871 3569 depascebatur,
894 3500 1050 3554 interventu
1074 3502 1162 3555 beatae
1187 3503 1303 3572 Virginis
1361 3547 1363 3551 Α

76 3599 402 3653 Nariaefuissesedatem.

157 3697 252 3781 [Cap.
264 3697 333 3781 run]
349 3696 397 3760 De
408 3697 508 3761 missa
522 3697 628 3761 beatae
643 3696 754 3761 Mariae
765 3697 799 3761 in
813 3697 951 3762 sabbato
964 3692 1030 3782 (fol.
1040 3698 1188 3782 itt-43¹).

106 3813 237 3867 Narratur
250 3813 323 3866 banc
338 3812 493 3866 institutam
508 3812 592 3866 fuisse
607 3813 643 3866 ob
659 3813 731 3867 aedes
746 3813 777 3867 B.
786 3811 877 3867 Mariae
893 3829 984 3866 sacras
1007 3813 1036 3866 in
1055 3813 1123 3867 urbe
1141 3814 1303 3870 Suessonica

76 3929 93 3966 e
103 3913 184 3968 ruina
195 3915 327 3966 servatas.

158 4010 252 4094 [Cap.
266 4010 345 4094 xro]
360 4009 408 4074 De
422 4010 455 4074 S.
466 4009 605 4074 Martino
620 4011 663 4074 ad
678 4010 810 4076 beatam
826 4010 962 4075 Mariam
977 4010 1130 4075 ardentes
1146 4012 1303 4096 dirigente

199 4108 422 4192 (roniarda).
808 4120 811 4125 '

107 4223 240 4278 Narratur
252 4224 392 4294 quomodo
410 4224 436 4278 S.
452 4223 584 4277 Martinus
598 4224 608 4248 ²
620 4223 780 4277 ardentibus
793 4265 804 4289 „
817 4223 957 4279 nonnuliis
968 4225 1079 4278 Parisiis
1088 4224 1117 4279 in
1126 4225 1242 4280 ecclesia
1252 4243 1303 4281 suo

76 4322 182 4378 nomini
201 4323 292 4377 dicata
310 4323 456 4376 sanitatem
477 4322 649 4390 precantibus
661 4323 824 4391 apparuerit,
837 4324 971 4377 mandans
984 4324 1024 4377 eis
1043 4328 1074 4377 ut
1085 4324 1209 4378 sanitatis
1220 4341 1304 4381 cause

75 4422 255 4491 confugerent
273 4423 308 4476 ad
327 4422 399 4476 aedes
418 4422 449 4476 B.
468 4421 585 4490 Virginis
600 4422 709 4486 Mariae3
729 4438 799 4490 quos
817 4425 910 4476 tamen
928 4439 1013 4492 quum
1031 4422 1146 4477 ccclesia
1164 4423 1303 4479 discedere

76 4522 189 4587 nollent,
198 4521 311 4586 curavit,
323 4522 427 4576 addens
435 4526 541 4575 ceteros
553 4537 609 4575 non
621 4521 674 4575 nisi
687 4521 721 4575 ad
733 4521 862 4576 Sanctam
875 4521 988 4576 Mariam
997 4527 1124 4576 sanatum
1137 4522 1179 4576 iri.
