3142 5392
313 339 405 391 000.
431 338 512 391 aaa.
538 339 712 393 annuam.
739 363 786 372 —
812 341 891 394 con.
918 335 955 393 n0
980 341 1072 393 sor-a.
1238 323 1308 396 153

147 525 231 579 alnus
242 540 306 581 nnn
318 529 351 580 K
351 530 368 581 l.
385 529 475 581 Junci.
487 527 612 582 Tandem
629 528 689 582 cod.
710 528 792 583 refert
809 529 952 598 prologum
972 529 1075 583 editum
1097 530 1125 583 in
1137 532 1219 585 Aarot.
1231 533 1310 598 Bott,

147 624 178 685 ,1,
185 642 208 694 p.
219 626 276 690 510,
287 627 342 681 040.
353 627 505 682 Discrimen
517 632 560 682 est
568 628 659 682 inline
672 648 679 681 :

202 721 401 789 ostendite...
413 729 445 789 et
459 724 592 802 auditis;
608 729 641 789 et
660 725 821 808 interrogo
840 746 898 790 vos
920 747 976 791 cur
997 747 1054 791 eas
1077 727 1161 795 inter
1172 747 1309 812 apocry-
1353 720 1356 725 ’

241 824 325 906 phas
354 825 477 889 litteras
507 824 676 889 censeatis.
701 825 902 889 Venerabilis
927 826 1022 907 igitur
1046 826 1187 904 Pudens
1210 826 1309 892 frater

240 926 352 987 noster
361 928 394 988 et
405 923 527 988 amicus
543 915 764 1006 apostolorum
779 927 811 988 et
822 923 924 989 cultor
936 928 969 988 et
987 929 1155 1007 susceptor
1169 927 1310 1008 peregri-

241 1041 368 1100 norum,
384 1043 513 1087 sumana
532 1013 709 1087 ambitione
737 1023 804 1086 fult.
830 1021 892 1100 Qui
918 1027 1105 1107 contempta
1130 1024 1309 1106 mundique

241 1124 416 1202 parentum
441 1120 602 1199 facultate,
624 1142 754 1204 semper
778 1126 912 1204 paratus
942 1123 1078 1200 Christo,
1104 1124 1137 1186 in
1158 1123 1309 1188 omnibus

237 1219 410 1301 praeceptis
425 1219 555 1283 Domini
569 1220 724 1298 eruditus,
742 1220 813 1303 jam
824 1224 899 1302 post
909 1222 1084 1286 transitum
1105 1225 1308 1304 parentum...

187 1339 265 1410 1050
291 1337 422 1410 Passio
438 1339 474 1411 S.
491 1337 652 1411 Zenonis
672 1344 708 1412 et
725 1338 790 1411 filii
807 1338 888 1431 ejus
905 1339 983 1431 (fol.
1000 1340 1210 1430 aelf-atu).

147 1468 195 1521 ilita
205 1468 253 1520 sub
269 1467 384 1520 nomine
400 1467 426 1520 S.
439 1467 559 1521 Cononis
568 1473 595 1521 et
615 1468 664 1521 filii
682 1469 741 1536 ejus
753 1468 781 1522 in
801 1471 858 1522 Act.
879 1470 935 1535 SS,
948 1469 982 1523 ad
993 1470 1018 1522 d.
1035 1471 1068 1523 00
1084 1469 1155 1539 Maii,
1167 1475 1234 1523 tom.
1251 1469 1309 1533 vll,

146 1568 173 1619 ·l.
184 1597 211 1604 -
219 1567 297 1619 Num.
306 1566 331 1631 P,
343 1583 393 1634 pro
401 1566 446 1619 his
454 1582 515 1635 quae
526 1567 554 1620 iu
566 1566 629 1620 edit
639 1571 791 1635 sequuntur
800 1583 902 1621 nornen
914 1571 1028 1636 sinapis,
1048 1568 1077 1622 in
1091 1569 1149 1622 cod.
1166 1574 1273 1622 tantum
1286 1577 1309 1622 et

149 1683 178 1718 ro

188 1760 265 1830 1060
290 1757 420 1830 Passio
438 1758 501 1831 SS.
521 1757 719 1831 Donatiani
738 1764 774 1832 et
790 1758 990 1851 Rogatiani
1003 1766 1211 1852 martyrum
1230 1759 1263 1852 (f
1285 1760 1308 1832 l.

228 1874 444 1965 04700480).

147 2002 198 2056 dita
206 2003 229 2056 in
237 2006 294 2057 Act.
303 2004 360 2069 SS„
372 2004 407 2057 ad
416 2003 441 2056 d.
451 2003 484 2056 04
492 2003 563 2068 Maii,
581 2008 648 2058 tom.
660 2004 691 2068 V,
700 2020 743 2073 pp.
753 2005 870 2057 080081.

191 2106 265 2177 1070
290 2105 421 2178 Passio
440 2104 625 2178 S.Urbani
641 2127 748 2197 papae
762 2112 798 2178 et
810 2104 985 2197 martyris
1001 2103 1079 2196 (fol.
1096 2105 1308 2196 04800500).

147 2232 189 2286 laec
196 2234 279 2287 Passio
289 2240 331 2288 est
340 2233 424 2287 veluti
433 2235 626 2303 compendium
635 2234 767 2287 Actorum
775 2251 836 2304 quae
847 2234 920 2287 edita
929 2239 994 2286 sunt
1011 2233 1038 2286 in
1057 2233 1224 2287 Bibliothecae
1235 2236 1309 2287 Casi-

147 2334 250 2385 relatam.
261 2331 453 2400 Ill‚Plorilegii
464 2350 490 2401 p.
501 2333 602 2386 80101.

194 2435 266 2506 1080
291 2434 379 2507 Vita
403 2433 439 2506 S.
472 2432 648 2507 Germani
677 2432 873 2505 Parisiacae
900 2433 1002 2506 urbis
1040 2431 1199 2525 episcopi
1232 2432 1264 2524 (f
1286 2433 1309 2504 l.

231 2550 442 2643 000000).

147 2673 295 2732 litaauctore
304 2679 464 2741 Fortunato,
477 2677 841 2742 0011010000.83.,000.0<0
849 2677 919 2735 Maii.
929 2682 995 2730 torn.
1008 2677 1051 2742 Vl,
1064 2695 1089 2747 p.
1102 2678 1219 2731 770787.

195 2782 267 2853 1000
292 2781 378 2853 Vita
400 2781 436 2853 S.
454 2779 645 2853 Maximini
671 2779 916 2851 Treverorum
946 2778 1208 2871 archiepiscopi
1230 2779 1263 2870 (f
1286 2779 1309 2851 l.
1409 2777 1412 2781 ’

232 2897 442 2986 aas-aar).

149 3018 273 3093 lditaapud
282 3025 391 3078 Surium
401 3026 437 3079 00
448 3025 474 3079 d.
486 3027 518 3079 00
526 3025 596 3078 Maii.
608 3025 702 3078 -Sed
714 3025 843 3093 prologus
860 3024 888 3076 in
901 3025 959 3078 cod.
969 3024 1053 3087 deest,
1071 3039 1120 3077 ner
1135 3023 1162 3075 in
1174 3039 1208 3076 eo
1217 3023 1310 3091 legun-

147 3127 237 3177 ruunt
246 3130 311 3179 extr.
323 3125 383 3177 haec
392 3124 476 3178 verba
486 3143 492 3178 :
501 3126 595 3178 Idibus
602 3125 745 3177 Januarit.

198 3224 268 3296 1100
293 3223 423 3296 Passio
446 3224 482 3296 S.
507 3222 666 3296 Suiberti
683 3221 843 3315 episcopi
865 3228 902 3295 et
918 3222 1093 3315 martyris
1110 3221 1188 3313 (sol.
1209 3221 1309 3293 0570-

234 3340 272 3412 d'
304 3351 314 3375 ¹
333 3397 340 3410 .

150 3457 225 3517 Delroc
239 3343 329 3521 0008013
345 3471 465 3535 martyre
477 3465 565 3535 agitur
574 3465 644 3519 inter
656 3468 854 3535 praetermissos
867 3467 901 3519 00
920 3467 945 3519 d.
957 3466 990 3519 aa
1007 3467 1078 3532 Maii,
1089 3471 1155 3519 torn.
1168 3466 1225 3531 Vll,
1243 3482 1268 3533 p.
1286 3466 1309 3518 0.

200 3566 269 3640 1110
293 3567 424 3641 Passio
446 3567 509 3640 SS.
531 3573 739 3660 martyrum
770 3567 891 3655 Canti,
911 3567 1082 3640 Cantiani
1110 3572 1146 3639 et
1163 3565 1310 3639 Cantia-

234 3683 326 3755 nillae
344 3681 497 3774 virginis
514 3682 815 3775 (1000580050).

150 3797 235 3863 fflilain
244 3814 296 3865 Act.
305 3812 361 3873 SS,
373 3811 409 3864 00
424 3811 449 3865 d.
461 3813 491 3864 31
504 3811 575 3873 Maii,
587 3816 653 3865 tom.
662 3811 720 3875 Vll,
731 3828 756 3880 p.
773 3811 893 3865 4028430.
907 3838 936 3848 -
950 3811 980 3863 10
991 3827 1039 3863 sex
1056 3809 1193 3879 prioribus
1206 3825 1310 3862 numm.
1416 3830 1418 3835 ·

147 3905 276 3963 urenithaec
284 3909 379 3963 Passio
392 3926 455 3963 curn
463 3914 541 3963 textu
553 3910 654 3964 codicis
663 3911 789 3964 Namurc.
799 3912 832 3964 53
844 3909 909 3976 (vid.
923 3912 1003 3963 Anat.
1017 3911 1095 3977 Bott,
1107 3914 1173 3963 tour.
1184 3909 1204 3974 1,
1216 3925 1241 3977 p.
1253 3909 1311 3973 511,

147 3994 218 4060 0)-Νο
227 4023 275 4062 non
283 4013 311 4062 et
319 4025 352 4062 ex
362 4013 438 4077 parte
451 4025 525 4063 num.
537 4010 562 4073 8,
571 4026 637 4064 nam
649 4015 711 4079 post
722 4013 841 4079 sepelivit
853 4010 915 4063 add.
927 4028 933 4063 :

216 4103 267 4182 Qui
280 4115 312 4174 et
329 4111 400 4192 ipse
422 4112 497 4191 post
517 4108 753 4192 aliquantulum
768 4112 898 4190 tempus
926 4128 1000 4171 curn
1014 4106 1228 4189 susceptionis
1242 4126 1311 4171 suae

248 4206 305 4274 hoc
315 4208 430 4274 ordine
440 4209 583 4291 perrexit
594 4208 637 4272 ad
652 4208 836 4272 Dominum.
851 4207 1085 4289 Apparuerunt
1099 4205 1128 4269 ei
1140 4206 1173 4268 in
1187 4205 1311 4269 visione
1339 4243 1341 4247 ν

249 4309 347 4373 sancti
362 4310 521 4390 martyres
534 4307 677 4372 dicentes
693 4306 979 4370 :Scala-attestante
993 4304 1211 4367 Diocletianae
1222 4305 1311 4388 Apa·

246 4427 313 4489 pen,
336 4406 496 4484 Oltiorar'em
518 4412 544 4470 et
565 4405 726 4488 Hirenem,
748 4425 828 4489 patos
843 4406 876 4466 in
897 4404 1079 4487 otrptnttate
1098 4402 1312 4486 perdurantes

250 4503 671 4592 00091000001νὶοἱεέίῆαοί00
683 4506 767 4566 intro
774 4523 896 4586 plaucos
908 4501 1311 4585 (0000010010000070000

250 4625 342 4690 usque
349 4605 488 4689 torqueri
495 4603 602 4687 faciet,
613 4603 707 4666 donec
719 4602 877 4665 Dominus
893 4601 1028 4665 concedit
1042 4600 1152 4664 hahere
1162 4600 1312 4665 solatium

248 4702 375 4783 ferreola
398 4723 462 4767 aue
484 4703 675 4766 Anastasia.
706 4700 755 4764 Tu
777 4707 890 4784 oratoru,
906 4703 982 4786 quic
1004 4700 1074 4764 berte
1096 4701 1313 4785 coaptamini
