3142 5392
277 316 370 368 arna.
389 316 469 369 aro.
487 318 658 370 unorum.
677 342 724 351 -
742 322 844 373 cono.
864 316 911 373 Ν18
925 322 1049 392 soso-u,
1068 324 1190 376 aar-99.
1279 307 1345 380 381

72 508 174 559 terea
200 506 282 561 tolio
306 509 477 578 agglutinato
497 511 612 566 interius
629 517 787 581 tegumento
805 515 912 568 numeri
930 497 1020 572 lfibls
1040 514 1135 581 (manu
1152 532 1206 570 sec.
1216 517 1311 581 XVIII)
1324 522 1351 570 et

73 604 182 675 (typis
204 609 434 677 recentioribus)
455 598 510 669 ll.
529 619 549 670 θ
567 597 601 669 6.

33 702 41 709 ”
116 704 338 761 Continentur
355 708 383 760 in
400 725 434 762 eo
447 709 540 763 codice
552 726 569 763 a
581 710 627 764 tol.
642 711 777 765 188ν-916ν
788 711 928 765 brevicula
940 712 1064 766 vitarum
1076 712 1120 767 SS.
1130 713 1237 783 Georgii
1250 720 1349 780 marty-

74 804 133 869 ris,
143 805 292 865 Mathia.
301 807 576 871 MatthaeiVincentii
584 809 682 873 levitae,
690 811 860 871 christofori,
869 812 967 865 Decem
979 812 1094 865 millium
1105 817 1264 881 martyrum,
1274 813 1350 866 Chri-

75 902 185 969 stiane,
210 904 371 967 Euiemiae‚
391 906 526 965 Barbara.
550 906 636 970 Pauli,
656 908 753 970 Tectae,
776 908 923 968 Theodori,
943 909 1057 967 Erasmi.
1080 908 1207 975 Quiriaci,
1230 909 1349 973 Eulaliae,

77 1002 228 1067 Adriani,
238 1004 376 1058 Joannis.
388 1033 417 1043 —
427 1005 530 1058 Deinde
540 1023 556 1058 a
566 1005 611 1059 iol.
620 1006 683 1059 ator
692 1007 726 1059 ad
735 1006 826 1069 linem,
835 1007 1011 1076 Evangelium
1022 1008 1056 1060 de
1067 1007 1214 1061 Nativitate
1225 1008 1251 1062 S.
1259 1008 1350 1061 blariae

38 1084 41 1089 ¹
76 1118 150 1157 eum
164 1103 342 1172 Evangelio
352 1103 474 1156 infantia
484 1104 602 1167 Domini,
611 1121 672 1173 quae
680 1105 753 1158 edita
762 1109 827 1158 sunt
835 1106 905 1174 apud
916 1106 1079 1172 Fabricium,
1093 1109 1155 1160 Cod.
1168 1109 1299 1175 opocaN.
1313 1109 1350 1171 r,

37 1222 44 1227 ·
76 1206 157 1257 tom.
169 1202 195 1269 1,
205 1219 239 1271 p.
254 1203 267 1255 l
280 1219 347 1271 sqq.
358 1203 389 1255 ln
398 1203 457 1256 cod.
467 1219 523 1256 nou
532 1219 626 1271 paucae
638 1204 728 1257 notari
738 1209 852 1272 possunt
863 1204 995 1258 lectiones
1003 1205 1149 1259 variantes.

570 1472 911 1482 ——--..—-.

360 1787 463 1873 LXI.
494 1787 620 1874 Codex
645 1788 829 1898 signatus
854 1810 899 1875 n⁰
924 1791 1115 1878 3391-99.

103 2056 220 2125 Huius
242 2053 372 2115 codicis,
396 2054 442 2123 qui
463 2060 504 2108 est
522 2055 617 2108 torma
636 2055 998 2122 mediae(0e,315><0‚at)‚
1025 2056 1159 2109 columnis
1181 2057 1259 2117 binis.
1272 2058 1351 2111 lineis

63 2156 229 2229 plumbea
242 2152 395 2223 graphiae
411 2153 507 2217 ductis,
516 2159 590 2207 certa
608 2159 674 2207 aetas
686 2154 814 2207 delinitur
825 2154 920 2207 notula
931 2155 977 2208 fol.
992 2155 1049 2207 185¹
1062 2161 1124 2223 post
1135 2156 1225 2210 Vitam
1244 2162 1350 2209 sancta-

60 2274 136 2313 mm
162 2253 336 2311 Undecirn
359 2251 476 2305 millium
498 2253 632 2321 virginum
653 2254 851 2323 adjectaque
871 2253 933 2307 talis
951 2255 1119 2307 esttFinito
1141 2273 1213 2309 ariao
1237 2258 1350 2310 Domini

10 2346 16 2377 ³
60 2366 305 2413 mcc-axum

98 2453 302 2510 Constabat
320 2451 391 2504 olim
409 2451 481 2505 toliis
496 2452 559 2513 idib
576 2468 649 2505 nuno
667 2451 744 2504 initio
757 2452 946 2505 desiderantur
957 2452 1023 2512 tolia
1037 2453 1075 2505 15.
1089 2452 1172 2506 Tituli
1185 2453 1308 2507 Viturum
1322 2460 1352 2508 ut

53 2554 267 2627 plurimum,
283 2549 474 2618 capitulorum
487 2567 552 2603 vero
570 2551 728 2609 identidem.
741 2551 827 2604 minio
845 2551 937 2619 scripti
951 2556 1022 2612 sunt,
1035 2567 1091 2604 non
1111 2551 1189 2605 aliter
1206 2568 1238 2604 ac
1255 2552 1351 2606 litterae

49 2654 213 2711 initiales
242 2650 496 2720 paragraphorum
508 2668 513 2709 ;
527 2666 643 2717 quarum
665 2655 759 2703 tamen
777 2650 837 2702 duae
857 2650 900 2703 vel
922 2655 976 2703 tros
993 2649 1104 2709 (videsis
1122 2651 1156 2703 ad
1177 2651 1260 2703 tinem
1283 2651 1351 2704 Vitta

51 2754 87 2811 S.
103 2750 297 2809 Elisabeth
306 2748 411 2813 vidua)
422 2748 537 2801 caeruleo
547 2748 640 2802 colore
650 2749 737 2802 ducta
747 2754 818 2802 sunt.
828 2749 944 2801 Litteras
953 2749 987 2801 ad
997 2749 1120 2802 l'itarum
1131 2750 1237 2802 initium
1248 2750 1351 2818 positas

51 2852 234 2909 violaceo.
244 2848 300 2901 bis
311 2852 391 2899 terre
400 2846 478 2898 viridi
486 2846 577 2899 colore
586 2846 719 2909 adhibito,
729 2847 835 2899 ornarit
847 2847 922 2900 haud
931 2847 1057 2915 imperita
1066 2864 1171 2911 manus,
1181 2848 1246 2916 ipsis
1255 2848 1351 2902 litteris

50 2952 198 3009 tudens
211 2944 379 3001 volumina
391 2961 453 3012 quae
465 2950 551 2999 totam
562 2946 697 2998 columna
708 2945 858 3013 marginem
869 2950 1064 2999 transcurrunt.

93 3050 139 3106 ln
152 3045 317 3114 margine
326 3042 462 3111 superiori
474 3043 532 3097 lolii
545 3045 586 3097 16¹
596 3044 679 3112 (quod
693 3060 765 3096 nuno
777 3043 894 3112 primum
906 3049 947 3097 est
955 3043 1075 3107 codicis).
1087 3045 1146 3098 lrtec
1155 3062 1239 3098 manu
1249 3046 1349 3099 recenti

52 3150 151 3221 stylo
167 3142 337 3218 plumbeo
350 3142 451 3211 scripta
459 3143 587 3211 leguntur
599 3162 605 3195 :
618 3145 692 3196 Betis.
700 3144 763 3196 Loo.
771 3142 877 3209 Quibus
888 3142 1182 3210 significaturcodicem
1191 3144 1275 3197 luisse
1284 3145 1349 3197 olim

51 3246 324 3307 Canonicorum
336 3239 501 3309 regularium
514 3241 631 3295 coenobii
640 3240 782 3294 Bethleem
792 3257 877 3309 prope
889 3241 1051 3296 Loranium.

198 3445 244 3515 1⁰
278 3440 455 3530 Legenda
467 3439 671 3512 beatissimi
685 3440 893 3512 Sebastiani
907 3439 1081 3531 martyris
1094 3440 1171 3522 (fol.
1190 3441 1348 3533 tos-ar).

98 3575 213 3631 Edita
235 3570 276 3624 in
296 3569 357 3621 Art.
369 3568 425 3632 δᾶ,
437 3568 471 3620 ad
483 3568 509 3620 d.
526 3570 560 3622 ⁶20
570 3569 637 3630 dan..
651 3575 716 3622 tom.
730 3568 762 3631 11,
775 3586 800 3637 p.
812 3570 862 3620 ⁶265
873 3584 932 3636 sqq.
949 3597 981 3604 -
993 3568 1124 3620 Passione
1136 3567 1279 3635 descripta,
1291 3568 1349 3620 hmo

54 3675 249 3733 ndduntur
264 3666 306 3719 ab
319 3666 417 3719 eadem
427 3682 520 3729 manu,
534 3672 663 3736 tanquam
677 3667 773 3721 ultima
785 3667 971 3735 paragraphus
984 3687 989 3719 :

227 3764 464 3842 BaldewinuS,
486 3766 588 3829 abbas
603 3766 636 3828 S.
651 3765 796 3846 Dionysii
818 3764 965 3845 sacrique
987 3764 1097 3844 palatii
1119 3765 1349 3846 arclrirapolla·

281 3882 359 3940 nur,
375 3863 517 3927 Romam
532 3865 674 3941 millena,
690 3884 709 3927 a
724 3884 810 3945 papa
831 3863 974 3943 Eugenio
990 3881 1107 3943 eorpus
1130 3864 1232 3925 suncti
1247 3864 1349 3927 Soba-

281 3961 381 4027 stiani
394 3963 517 4044 accepit
529 3965 562 4026 ot
573 3962 757 4026 Suessionis
772 3962 805 4025 in
816 3961 950 4024 basilica
962 3960 994 4022 S.
1009 3960 1154 4022 blodardi
1170 3962 1348 4025 collocavit.

281 4059 333 4125 lbi
355 4059 434 4124 dum
459 4054 796 4124 adlruo'inlurmatum
824 4060 856 4122 in
891 4060 962 4122 looo
992 4058 1025 4120 in
1054 4078 1119 4139 quo
1142 4060 1277 4122 allatum
1300 4063 1347 4123 ost

276 4159 417 4242 jaceret,
442 4163 534 4223 tanta
566 4159 732 4240 simiorum
762 4162 793 4221 ot
829 4157 986 4219 virtutum
1021 4155 1124 4236 gratia
1159 4156 1348 4219 innomine

280 4257 434 4340 ejusdem
448 4257 599 4339 martyris
614 4257 754 4330 ornicuit,
769 4259 806 4318 ut
821 4255 942 4318 anullo
955 4254 1141 4317 mortalium
1152 4255 1203 4317 rol
1214 4275 1348 4318 onume-

277 4355 349 4423 rari
368 4356 420 4420 vel
441 4357 584 4420 enarrari
599 4355 734 4437 possint.
756 4354 904 4432 Quorum
926 4352 1078 4434 quaedam
1102 4353 1182 4416 tanti
1206 4353 1347 4435 stuporis

277 4473 356 4521 esse
378 4454 539 4532 dicuntur,
561 4457 598 4517 ut
621 4454 800 4517 humanam
823 4452 921 4515 fidem
947 4451 1114 4528 oxoodanl,
1138 4452 1198 4514 nisi
1224 4455 1348 4515 certum

277 4555 372 4621 esset
385 4552 501 4630 Deum,
514 4573 575 4635 pro
590 4572 656 4634 quo
671 4552 759 4616 idom
773 4555 897 4633 martyr
912 4570 1029 4632 passus
1044 4553 1102 4626 ost,
1119 4550 1229 4614 omnia
1244 4550 1349 4614 lairere

275 4670 392 4738 posse.
426 4651 506 4716 Hae
534 4651 704 4716 translatio
737 4651 824 4714 facta
849 4652 899 4713 ost
926 4652 1075 4731 temporo
1098 4649 1263 4713 Ludoricii
1290 4649 1348 4729 Pii,
