3142 5392
254 115 349 165 nini.
378 113 461 165 auo.
488 113 661 166 nuuxuun.
688 137 735 146 —
763 116 910 168 11111111).
938 117 985 168 xo
1011 119 1091 171 con.
1118 119 1154 170 uo
1180 117 1272 172 sor-e.
1315 97 1383 170 157

145 303 310 376 sguissent,
322 303 481 357 saevissimis
492 302 577 373 plagis
586 304 676 358 affecti
688 309 771 374 atque
781 305 809 358 in
822 306 1004 360 vastissimam
1018 324 1142 363 eremum
1166 308 1277 377 relegati
1294 307 1384 378 gladio

145 400 219 467 :esi
230 407 298 455 sunt

256 504 339 576 1250
364 502 496 578 Passio
510 506 573 578 SS.
589 528 688 579 xxxv
700 512 908 599 martyrum
927 510 1004 601 (fol.
1020 511 1235 602 xxx-xxxv).

189 633 266 688 Edita
275 634 300 686 in
311 637 369 687 Act.
380 635 436 699 SS„
445 635 480 688 ad
489 636 516 688 d.
530 636 559 688 17
568 635 636 700 lau..
649 640 715 690 tom.
726 636 758 704 ll,
767 654 811 706 pp.
821 637 877 701 188,
895 639 950 692 189.
972 669 1003 678 —
1012 639 1093 694 Num.
1104 642 1126 704 t,
1144 640 1172 694 in
1191 643 1384 695 enumerandis

145 739 308 797 sanctorum
326 739 478 803 martyrum
489 735 645 788 nominibus
657 735 716 790 cod„
729 738 868 805 Pteaprati
883 754 932 806 pro
946 739 1039 813 Pteeir',
1051 742 1135 794 Arati
1146 761 1157 807 ;
1177 741 1241 795 dein
1257 744 1384 810 Yppetro-

153 836 241 893 mani
256 849 300 901 pro
321 835 440 901 Himma
459 835 577 888 Romani
585 854 596 900 ,·
613 840 641 888 et
664 836 774 888 Obriaci
792 852 842 905 pro
865 836 981 905 Cyriaci.
1002 836 1082 893 Num.
1099 840 1123 904 2,
1141 842 1181 893 Hi
1200 844 1256 894 rara·
1275 857 1324 909 pro
1346 843 1386 895 Hi

159 932 358 991 XXXl'Hcr'ri
366 937 394 985 et
406 948 481 986 num.
493 933 517 996 9,
534 949 583 1001 pro
595 935 730 999 Beatus...,
739 936 841 988 Beatus
852 937 965 989 Paulus.

631 1153 899 1164 ——u

497 1389 701 1500 appendix
725 1389 775 1478 ad
800 1392 881 1479 cod.
910 1391 1045 1481 207-8.

289 1643 324 1685 ou
345 1644 370 1686 s,
392 1643 517 1687 uruaaro
539 1644 733 1688 rrcrxvmusr.
756 1625 832 1708 (Cir.
855 1646 964 1708 supra,
985 1647 1059 1709 pag.
1085 1628 1153 1705 137,
1178 1629 1255 1713 16⁰.)

312 1808 403 1878 Quid
416 1808 534 1879 ogeru
547 1817 697 1870 sannam
710 1811 874 1871 Hilarius
888 1815 1012 1872 Romae
1026 1812 1064 1872 ln
1078 1815 1226 1885 synodo.

225 1996 246 2052 t.
263 1998 388 2066 Quoniam
400 2003 558 2052 sanctorum
568 2000 701 2054 miracula
714 2000 841 2057 fidelibus
852 2002 887 2054 ad
906 2002 1115 2056 aedificationem
1128 2003 1258 2057 virtutum
1280 2005 1386 2059 haben·

196 2097 226 2146 tn
234 2096 361 2158 recolenda,
371 2111 427 2149 non
437 2095 538 2148 debent
547 2096 624 2149 oneri
636 2113 696 2152 esse
707 2097 828 2160 recitata,
838 2114 901 2151 cum
910 2097 1016 2151 imitata
1025 2099 1250 2153 exonerationem
1259 2099 1361 2154 iaciant
1369 2119 1386 2154 a

197 2194 285 2259 peccatis
302 2194 392 2264 Neque
410 2194 558 2248 temeritati
579 2198 627 2248 aut
639 2195 842 2264 presumptioni
860 2196 942 2249 debet
959 2196 1096 2264 imputari,
1113 2195 1136 2249 si
1149 2197 1271 2266 neglecta
1283 2197 1326 2252 vel
1338 2215 1386 2268 per

198 2288 286 2346 ueram
306 2283 493 2362 praetermissa,
514 2294 580 2348 dum
598 2300 692 2348 lamen
712 2293 865 2348 obediendo
883 2294 939 2358 fiat,
956 2294 1170 2348 conscribantur.
1190 2295 1303 2349 Praestet
1328 2296 1385 2365 ipse

180 2389 253 2443 trahis
260 2392 439 2450 intercedendo
451 2394 581 2464 loquendi
594 2395 759 2463 adjutorium
772 2399 854 2464 atque
866 2396 900 2449 de
909 2412 939 2448 se
948 2399 979 2448 ut
990 2394 1070 2463 digne
1084 2394 1236 2447 scribamus
1245 2393 1386 2450 auxilium.

200 2483 335 2560 turigitur
352 2493 417 2547 illud
431 2498 488 2547 tam
500 2493 644 2562 antiquum
656 2498 684 2548 et
694 2494 812 2563 speciale
830 2493 992 2547 miraculum
1012 2493 1082 2547 inter
1099 2493 1219 2562 reliquos
1231 2493 1290 2560 eius
1309 2498 1386 2547 actus

200 2585 394 2643 ucusitinsertum
404 2590 605 2659 potestmirari,
615 2607 677 2644 cum
687 2591 777 2644 adhuc
791 2607 824 2644 ex
833 2592 981 2644 multorum
996 2592 1078 2645 etiam
1097 2592 1287 2661 episcoporum
1300 2607 1385 2645 asser·

202 2679 427 2742 tiouctestimonium
439 2687 541 2741 habere
551 2689 669 2746 fateatur
680 2689 809 2743 veritatis,

229 2778 253 2835 2.
269 2784 369 2839 Arriana
379 2776 499 2854 namque
510 2785 608 2839 haeresi
625 2801 674 2854 per
685 2786 781 2840 orbem
800 2786 914 2850 furente,
934 2786 1013 2839 multi
1032 2786 1078 2855 qui
1090 2786 1211 2840 ecclesiae
1224 2786 1387 2840 videbantur

148 2930 150 2935 .
174 2877 193 2928 lt
203 2880 368 2945 mecolnmna
380 2882 539 2951 hujusmodi
551 2882 665 2936 venenis
674 2881 767 2936 intecti
778 2882 878 2936 misere
890 2900 922 2935 ac
932 2882 1123 2950 desipientera
1141 2883 1204 2936 fidei
1220 2883 1308 2937 salute
1329 2884 1388 2937 lan·
1410 2956 1414 2963 Ι

203 2976 437 3046 tuebautiutautum
447 2982 544 3051 utipse
562 2981 792 3049 tuncapostolicae
808 2982 881 3034 sedis
890 2999 960 3051 papa
971 2981 1036 3044 Leo,
1046 2981 1130 3049 ipsius
1140 2982 1222 3050 loprae
1232 2998 1386 3036 commacu·

204 3069 272 3130 itione
287 3096 422 3150 respersus,
439 3080 498 3134 reri
521 3079 657 3149 dogmatis
677 3080 782 3149 etipse
801 3081 1001 3150 praevaricator,
1014 3086 1042 3133 ut
1062 3097 1095 3133 ex
1117 3080 1286 3149 antiquitatis
1299 3080 1386 3134 relatu

205 3183 332 3242 uenomtur,
344 3180 479 3233 existeret
488 3179 612 3249 Cumque
623 3195 720 3232 omnes
729 3179 786 3233 iere
795 3179 914 3248 episcopi
923 3179 982 3247 eJus
991 3179 1088 3232 litteris
1097 3179 1257 3232 commoniti
1267 3179 1385 3232 Romam

205 3280 259 3335 snper
266 3272 299 3328 his
307 3277 441 3331 tractaturi
453 3276 600 3341 venissent,
612 3277 688 3330 venit
699 3282 726 3331 et
743 3276 861 3330 domnus
878 3277 1006 3341 Hilarius,
1024 3277 1151 3347 quamvis
1171 3276 1282 3339 tardius,
1302 3277 1387 3330 armis

177 3365 196 3414 ll
205 3363 418 3429 lauenmirersalis
427 3375 492 3429 tidei
503 3375 633 3429 munitus.
643 3375 722 3441 Quod
732 3390 794 3428 cum
807 3374 843 3427 ab
861 3375 1040 3428 annuntiante
1057 3374 1159 3427 dictum
1177 3373 1273 3427 luisset
1285 3393 1292 3426 ι
1304 3374 1388 3428 Adest

206 3460 302 3537 31141111,
308 3475 481 3529 Pictaoienaia
486 3478 634 3543 episcopus,
642 3491 699 3543 pra
705 3475 822 3540 foribus,
827 3491 897 3542 papa
905 3473 987 3526 veluti
996 3489 1057 3526 sero
1068 3472 1195 3539 venienti,
1206 3471 1291 3526 immo
1300 3472 1387 3540 magis

207 3560 300 3623 alateo
308 3571 463 3643 indignatus,
475 3573 617 3627 mandarit
629 3573 735 3642 synodo
747 3589 782 3627 ne
794 3572 866 3626 ullus
883 3573 908 3626 ei
926 3572 1149 3640 coepiscoporum
1168 3575 1322 3638 assurgeret
1338 3575 1387 3624 aut

207 3649 269 3716 locum
277 3666 296 3719 ci
305 3671 427 3726 sessionis
438 3676 580 3725 annueret.

234 3755 258 3813 ³·
274 3761 437 3824 Prasentatus
455 3768 590 3838 siquidem
602 3767 644 3822 vir
655 3768 705 3821 Dei
717 3767 840 3832 concilio,
857 3766 963 3820 honore
976 3765 1150 3835 pontificatus
1168 3781 1267 3834 papam
1288 3781 1388 3833 praere-

178 3849 460 3935 ”litfflipaicunctisque
468 3863 651 3918 residentibus
663 3863 778 3916 verbum
794 3862 967 3916 salutationis
987 3862 1069 3929 digna
1086 3860 1239 3915 reverentia
1259 3860 1387 3923 inserens,

208 3947 383 4019 illitamcui
394 3964 448 4029 ille,
466 3962 544 4033 quasi
565 3979 647 4032 quern
660 3961 797 4031 ignoraret
818 3961 959 4024 insultans,
971 3959 1072 4013 talibus
1085 3959 1256 4029 respondisse
1278 3959 1363 4012 fertur
1381 3978 1387 4011 :

210 4045 290 4122 Trogo
298 4063 416 4118 Hilarius
425 4066 518 4132 pollue
530 4067 545 4117 t
556 4062 605 4116 llle
614 4079 681 4116 nero
693 4062 727 4115 ad
738 4062 766 4115 id
774 4062 848 4131 quod
866 4065 926 4114 erat
937 4060 1077 4113 latendum
1097 4074 1253 4112 sermonem
1275 4072 1389 4111 conver·

208 4143 343 4216 “illiricait:
357 4165 417 4218 Non
425 4181 494 4226 aum,
507 4161 602 4231 inquit,
612 4163 742 4215 lictorius
751 4163 850 4228 gallus,
860 4163 907 4214 aed
916 4162 947 4213 dc
959 4161 1059 4213 Gallia.
1080 4157 1148 4211 Nam
1161 4162 1241 4226 gente
1254 4155 1389 4225 aquitani-

209 4253 373 4317 e⁰³rll⁰¹1liflcali
381 4278 447 4316 roro
459 4260 590 4330 dignitate
599 4258 879 4330 praeminebatgallus.
887 4256 928 4311 Ac
939 4256 962 4310 si
971 4256 1074 4310 diceret
1083 4256 1107 4309 ei
1118 4275 1124 4308 :
1136 4255 1196 4310 Non
1205 4271 1266 4308 sum
1279 4254 1391 4307 natione

176 4333 274 4412 ”Q
282 4356 320 4411 scd
329 4359 359 4414 de
367 4359 454 4415 Gallia
460 4359 568 4430 praesul
576 4359 611 4412 Et
627 4374 705 4428 papa,
714 4357 800 4411 animi
817 4357 909 4425 potius
926 4354 1145 4409 stomachatione
1163 4356 1312 4423 permotus,
1330 4353 1389 4406 haec

209 4434 263 4500 hm:
271 4451 299 4508 Et
307 4461 329 4511 ai
336 4455 509 4535 tallietur-ius
520 4461 552 4514 de
563 4459 666 4524 Gallia,
674 4473 721 4526 ego
728 4457 783 4510 Leo
793 4457 921 4510 Romana
928 4456 1000 4509 sedis
1008 4455 1171 4523 apostolicus
1180 4460 1203 4507 et
1207 4454 1304 4520 judea,
1314 4452 1391 4507 Tunc
