3142 5392
193 336 287 389 eren.
304 336 386 388 neo.
406 337 577 389 aauxnm.
596 359 643 369 —
662 338 809 392 urrann.
826 340 873 390 ιιι
888 324 969 391 con.
987 330 1025 391 ιιο
1042 337 1166 393 raso-n.
1221 321 1294 395 435

150 560 160 577 .
181 527 337 582 ιιιιιιιιιιιιε
348 528 357 561 ¹
370 527 450 588 lilius,
461 528 624 596 Mogontinae
638 527 761 591 diocesis.
771 528 882 581 nominc
893 527 1045 592 Heinricus,
1055 529 1169 593 biennis,
1176 539 1294 589 strumo·
1321 548 1368 585 vrn

143 660 147 669 .
160 630 326 689 contractus,
341 624 468 678 invocato
477 625 607 694 suffragio
617 626 868 680 beataelElizabetb
880 641 941 679 curn
954 627 1093 684 oblatione
1102 636 1129 683 et
1138 647 1217 685 ceree
1227 634 1295 686 ima-

147 720 177 775 in
188 724 283 778 itinere
293 724 424 778 redeundi
435 725 515 793 plene
527 704 639 779 sanatus
648 731 697 779 est.

143 815 173 878 Β.
189 825 218 878 ln
229 823 332 877 diocesi
344 822 514 887 Trcvcrcnsi,
526 824 651 891 quaedam
664 823 767 877 femina
784 825 990 892 quatuordeeim
1009 844 1142 882 annorum
1164 835 1296 898 segretata
1319 843 1348 882 rx

143 919 219 976 tissui
235 922 324 991 impos
341 924 383 974 est
399 922 478 974 lacta.
488 921 538 975 Cui
555 921 637 975 etium
657 926 711 974 tres
722 921 797 989 gibbi
810 923 837 976 in
849 922 1000 978 semoribus
1012 931 1040 981 ct
1051 943 1122 981 unus
1132 927 1160 980 in
1172 928 1295 982 humeris
1376 978 1379 983 .

143 1027 284 1083 resserunt;
296 1037 375 1074 venne
391 1022 420 1075 in
432 1021 557 1074 cruribus
568 1026 596 1074 et
606 1037 661 1075 nno
671 1021 785 1075 brachio
797 1021 928 1088 rigescere
940 1030 1079 1093 coeperunt
1088 1026 1107 1089 ⁸,
1119 1031 1150 1079 ιιι
1161 1043 1211 1080 nec
1222 1032 1296 1081 stare

143 1118 150 1152 ¹
165 1120 255 1173 sedere
272 1135 321 1173 scu
339 1120 481 1174 ambulare
494 1120 604 1174 valeret.
621 1120 688 1188 Quae
706 1121 795 1176 delata
814 1122 872 1175 adl
890 1123 1026 1177 tumulum
1048 1125 1135 1179 beatae
1147 1125 1295 1189 Elizabeth,

143 1219 168 1272 tis
177 1219 322 1272 sanitatem
333 1220 442 1289 recepit
451 1221 504 1273 Sed
513 1219 572 1274 rice
583 1226 681 1289 quarta
690 1222 815 1286 adducta,
825 1222 908 1275 totius
920 1223 1041 1292 corporis
1053 1224 1153 1278 meruit
1164 1227 1296 1294 sospitate

143 1320 194 1384 lere,
203 1324 230 1372 et
241 1319 383 1387 gradiendi
392 1319 418 1373 ei
426 1319 542 1373 facultas
554 1320 677 1374 restituta
691 1326 740 1374 est.

143 1416 193 1473 oo.
212 1416 342 1470 Albertus
360 1417 393 1470 de
411 1416 574 1481 lemburch,
586 1417 763 1471 Treverensis
780 1418 905 1479 diocesis,
922 1418 1009 1472 lilium
1027 1419 1125 1473 babuit
1141 1420 1296 1488 gibbosum,
1321 1429 1340 1467 x
1351 1415 1365 1444 *

143 1532 237 1569 nosum
250 1521 278 1569 et
286 1520 466 1578 contractum,
476 1515 513 1569 ita
525 1520 556 1568 ιιι
564 1516 674 1569 natibus
686 1532 765 1569 cmra
776 1515 948 1569 adhaeserint.
960 1516 1021 1583 Qui,
1033 1520 1098 1569 volo
1110 1532 1127 1568 a
1138 1516 1297 1584 perentibus

156 1619 182 1667 et
192 1615 227 1667 ad
239 1630 352 1666 censum
370 1614 487 1666 duorum
500 1613 675 1667 denariorum
688 1613 773 1666 abeis
787 1613 916 1682 hospitali
928 1618 1029 1666 sanetae
1040 1613 1181 1668 Elimbetb
1193 1630 1297 1667 annua·

143 1712 258 1780 tbligato,
270 1713 305 1764 ad
314 1712 451 1766 tumulum
465 1712 524 1780 ejus
535 1712 639 1765 adietis
647 1712 831 1766 incommodis
842 1712 972 1765 liberatus
981 1717 1030 1766 est.

143 1811 195 1868 o1.
216 1808 363 1870 Clrrislina,
371 1809 521 1862 Hermanni
531 1808 595 1869 filia,
605 1808 777 1862 Coloniensis
789 1808 913 1872 diocesis,
922 1809 1068 1877 septennis,
1081 1808 1195 1877 gibboso
1206 1811 1258 1865 init
1270 1818 1298 1865 et
1321 1823 1351 1861 ιι

143 1926 216 1963 nosa.
228 1908 313 1976 Cujus
330 1908 455 1976 superius
471 1905 575 1959 labium
588 1904 748 1958 deformiter
759 1906 842 1958 nimis
850 1921 932 1974 super
943 1922 974 1958 os
986 1912 1151 1960 excreverat.
1163 1907 1298 1962 Praeterea

154 2008 214 2075 ejus
226 2023 281 2076 prae
293 2006 379 2060 nimia
392 2006 519 2059 inflatura
536 2004 622 2058 videri
639 2020 696 2057 non
713 2009 852 2073 poterant;
866 2021 924 2067 nec,
935 2021 1045 2058 crurum
1057 2006 1212 2075 pedumque
1225 2007 1298 2061 infir·

143 2112 167 2158 te
179 2106 299 2167 detenta,
310 2121 360 2171 per
377 2104 446 2157 duos
463 2118 551 2156 anuos
563 2101 705 2154 ambulare
724 2101 840 2154 valebat.
859 2101 925 2168 Quae
937 2102 971 2155 ad
989 2103 1191 2157 invocationem
1209 2106 1298 2159 beatre

144 2204 210 2257 beth
221 2220 306 2272 supra
316 2202 470 2271 sepulcrum
485 2202 544 2269 ejus
556 2201 583 2254 in
594 2200 638 2254 die
651 2201 740 2254 Coeme
752 2206 847 2253 curata
858 2206 906 2254 est.

143 2301 195 2359 ³2.
215 2301 361 2355 Heinricus
372 2300 483 2369 quidam
496 2299 530 2351 de
541 2297 689 2366 llartpurb.
701 2298 823 2365 quinque
831 2299 911 2351 annis
922 2299 1080 2352 incurvatus
1091 2299 1258 2369 gibbumque
1270 2304 1298 2356 in
1324 2315 1361 2351 ιιι

143 2418 152 2454 ι
165 2401 199 2454 ad
217 2397 434 2467 magnitudinem
446 2412 553 2465 magnae
570 2395 631 2449 ollae
642 2395 756 2458 babens,
768 2394 896 2448 manibus
909 2400 1014 2448 tantum
1027 2401 1054 2449 et
1066 2397 1180 2465 genibus
1191 2414 1220 2450 se
1232 2398 1299 2452 iere

143 2499 190 2566 Qui
204 2499 239 2551 ιιι
251 2496 388 2551 tumulum
402 2497 489 2548 beate
501 2494 641 2549 Elizabetb
651 2498 692 2547 est
703 2493 809 2546 delatus
821 2510 884 2547 cum
899 2494 1006 2547 hostiis.
1015 2495 1089 2548 Infra
1100 2495 1183 2550 brerc
1192 2501 1300 2567 tempus

143 2598 194 2651 trie
203 2603 244 2650 est
255 2596 398 2650 restitutus
406 2594 524 2649 sanitati.

143 2695 197 2752 03.
216 2695 364 2757 Adeleidis,
372 2691 555 2761 Magunteusis
567 2692 692 2752 diocesis,
704 2691 790 2744 silium
801 2692 930 2745 tredecim
943 2707 1079 2745 annorum
1091 2697 1261 2747 contractum
1273 2699 1302 2747 et
1326 2710 1374 2747 xnr

155 2793 316 2848 difficultate
332 2792 366 2845 ad
378 2791 533 2859 sepulcrum
546 2790 633 2843 beatae
645 2788 785 2843 Elizubeth
796 2790 927 2857 paulatim
946 2794 1073 2843 sanatum
1091 2790 1219 2844 habebnt.
1231 2791 1301 2846 Huic

143 2910 166 2947 es
175 2892 239 2947 colli
251 2893 289 2945 ita
301 2892 412 2945 suerunt
423 2890 553 2951 distortae,
565 2894 595 2942 ut
605 2889 729 2958 superior
740 2905 835 2942 versus
846 2894 948 2957 pectus,
961 2889 1074 2944 inferior
1082 2906 1177 2944 versus
1189 2892 1300 2945 dorsum

143 2993 224 3045 miter
241 2990 434 3060 prominerent
448 2990 531 3043 Crura
545 2989 626 3042 etiam
641 2992 788 3041 extenuata
800 2988 869 3041 sicut
886 2993 975 3056 partes
993 2989 1067 3042 inuis
1084 2990 1122 3043 ita
1139 2990 1167 3043 in
1184 2991 1301 3045 invicem

143 3091 217 3159 plexa
230 3089 490 3157 contorquebantur.
499 3088 617 3142 Gibbum
631 3088 659 3140 in
672 3087 753 3140 dorso
765 3086 870 3145 habuit,
883 3092 910 3140 et
922 3087 949 3140 in
961 3088 1066 3142 femore
1076 3090 1162 3158 ipsius
1173 3091 1227 3144 duo
1240 3108 1304 3144 ossa

143 3189 230 3242 tinere
242 3192 388 3257 coeperunt.
398 3186 441 3240 Ab
450 3187 494 3240 his
503 3190 595 3239 autern
605 3190 633 3238 et
642 3185 704 3239 aliis
715 3185 810 3238 multis
821 3185 945 3250 miseriis,
955 3186 1055 3255 quibus
1064 3193 1221 3242 contractus
1230 3193 1303 3243 tene-

143 3304 164 3351 r,
173 3287 279 3340 meritis
287 3287 374 3340 beatae
384 3286 524 3339 Elizabeth
536 3284 709 3354 propitiantis
717 3284 729 3318 ⁶
738 3284 858 3337 salvatus
867 3290 916 3338 est

143 3386 200 3443 o4.
224 3385 371 3449 Cuiusdam
389 3384 475 3436 Ysaae
495 3382 577 3444 filius,
594 3380 779 3449 Maguntensis
798 3381 922 3441 diocesis,
943 3381 1067 3435 eruribus
1082 3384 1249 3438 etmanibus
1268 3402 1301 3439 ex
1327 3403 1386 3440 xrrrr

143 3484 234 3538 tudine
244 3486 398 3535 contractus
410 3484 459 3542 est,
471 3479 584 3546 gibbum
597 3478 626 3531 in
636 3478 717 3530 dorso
730 3481 758 3529 et
768 3476 923 3545 pelliculam
936 3477 1025 3532 visum
1039 3479 1049 3512 ⁷
1061 3480 1202 3533 oculorum
1217 3480 1302 3534 obdu·

143 3600 182 3637 em
195 3582 332 3635 ⁸habens.
350 3579 402 3645 Qui
419 3578 530 3631 tandem
548 3593 564 3629 a
581 3580 659 3645 patre
677 3577 711 3629 ed
723 3576 877 3645 sepulcrum
890 3577 979 3630 bcatae
996 3577 1136 3632 Elizabeth
1154 3580 1301 3648 depositus,

144 3681 284 3736 modicum
295 3677 425 3747 temporis
436 3677 557 3746 perfecte
568 3676 700 3729 liberatus
713 3679 761 3729 est.

143 3781 197 3838 05.
217 3780 280 3833 Vito
299 3778 421 3846 quidum,
438 3791 506 3845 puer
523 3775 683 3838 duodennis,
699 3775 815 3828 diocesis
832 3776 996 3844 Maguntem,
1014 3775 1096 3829 dorso
1116 3775 1194 3843 quasi
1215 3777 1301 3830 fracto
1325 3794 1362 3831 xv

143 3895 204 3933 osus
216 3881 291 3939 erat;
303 3880 331 3927 et
341 3872 410 3926 collo
424 3872 593 3941 pedibusque
606 3870 714 3923 retortis
724 3886 755 3923 ac
765 3870 894 3923 manibus
906 3871 1059 3936 contractis,
1071 3871 1152 3923 etiarn
1162 3871 1233 3940 patri
1251 3888 1300 3926 suo

143 3980 315 4031 ;monstmm
327 3971 458 4026 horribile
467 3972 599 4039 apparuit.
612 3969 711 4023 Omnia
723 3968 774 4022 sibi
784 3970 848 4022 dota
859 3985 906 4022 ore
914 3971 1045 4036 gestabat,
1057 3985 1155 4039 repens
1166 3971 1301 4026 menibus.

143 4076 253 4129 aetiam
263 4077 404 4127 contracta
413 4075 440 4124 et
448 4070 527 4138 quasi
539 4070 651 4122 natibus
663 4072 798 4129 concreta,
807 4084 896 4137 genua
908 4068 960 4121 sibi
969 4069 1144 4134 adhaerentia,
1154 4070 1303 4139 oculosque

143 4179 192 4228 ’los
202 4179 231 4226 et
244 4171 299 4226 oris
312 4176 417 4241 partem
428 4170 569 4223 distortam
581 4168 708 4221 habebat.
718 4168 748 4221 ln
758 4169 862 4220 femore
874 4173 902 4221 et
910 4168 937 4220 in
950 4166 1074 4221 cruribus
1084 4168 1256 4234 infistulatus,
1265 4170 1304 4223 ita

143 4290 220 4328 xxrrn
234 4273 302 4326 locis
313 4270 428 4325 morbus
446 4269 491 4322 ille
503 4273 653 4338 appareret.
666 4267 719 4334 Qui
737 4266 851 4321 dirersis
871 4266 976 4319 vicibus
992 4268 1026 4320 ad
1043 4268 1195 4336 sepulcrum
1216 4269 1303 4322 beate

143 4453 272 4508 lathildis
280 4452 303 4504 ι.
314 4480 346 4490 -
359 4450 370 4484 ²
382 4452 445 4503 add.
457 4468 490 4502 ex
501 4450 525 4503 ι.
535 4477 565 4487 -
576 4448 587 4482 ³
600 4448 681 4516 coepit
692 4449 723 4511 2;
736 4450 815 4501 etiam
829 4447 840 4499 1
853 4457 991 4502 aertecorr.
1003 4477 1034 4485 -
1045 4448 1056 4482 ⁴
1066 4453 1113 4502 aut
1121 4451 1144 4503 2.
1154 4479 1185 4487 -
1195 4450 1270 4504 ‘ain
1279 4452 1302 4503 ι.

143 4535 307 4607 propitiante
317 4534 341 4586 ι.
353 4562 385 4569 -
398 4532 409 4565 ²
422 4536 461 4585 ita
472 4533 489 4584 ι
499 4552 506 4595 ;
517 4534 546 4584 tn
561 4533 573 4585 1
587 4534 656 4584 mate
667 4548 738 4584 corr.
747 4530 775 4583 iu
784 4546 905 4583 suorum.
914 4531 1169 4586 -⁸obductionern
1184 4535 1205 4596 1,
1214 4533 1237 4586 ι.
1325 4557 1329 4563 ·

143 4703 189 4755 'lic
199 4703 229 4753 in
239 4716 326 4765 marp.
338 4699 393 4752 cod.
406 4697 422 4749 ι
433 4713 563 4749 ιιιιιιιινιιι
574 4712 612 4748 ιιιι
625 4703 647 4749 et
659 4698 698 4750 sic
710 4697 832 4763 deinceps
843 4698 973 4764 usquead
984 4712 1020 4759 rx.
