3142 5392
173 314 245 391 tor
504 335 632 387 caru„
655 336 762 388 ouon.
787 336 1066 388 muroaaarmc.

169 540 228 579 rm
248 524 908 595 aiumfflnautirinaitmqne
927 526 1283 593 abapuoboeendea'ni

168 626 265 681 meru
278 626 1283 696 ipsimoepimuatimuntqmsmajorumrehtionememoriaenosb

169 725 365 780 eudemum
379 726 675 795 ruminantibus
691 727 845 795 repertaad
861 727 1002 780 exaranda
1021 732 1114 781 oetm
1131 743 1183 780 nos
1198 729 1283 782 anima

172 824 226 879 Vm
236 824 676 896 ergo,quiaetugutmrmorem
688 826 739 879 lati
750 826 936 879 necandum
951 827 1138 895 babetopean
1154 832 1283 880 nunnmr

169 936 233 977 m
251 921 337 975 metite
346 936 482 991 sperum
493 921 541 974 red
551 922 687 975 artificum
699 938 777 975 ruore
793 938 828 975 ex
845 922 957 975 informi
978 923 1094 975 matuta
1114 923 1283 991 pulcherrirna

169 1018 467 1089 caturnicensem
479 1019 576 1074 valete.

362 1336 401 1381 uc
422 1334 523 1381 nourr
544 1336 570 1380 s.
591 1336 711 1381 acano.
732 1316 810 1399 (Cir.
831 1337 942 1399 supra.
964 1338 1038 1400 pag.
1063 1320 1133 1384 res.
1155 1321 1212 1400 9⁰.)

239 1518 370 1591 Incipit
378 1518 547 1591 pronun
561 1520 606 1577 de
619 1520 859 1578 maone
873 1521 992 1579 aucti
1005 1522 1126 1579 Albini
1140 1520 1283 1592 martyri

203 1724 339 1793 Quoniam
352 1725 420 1779 nihii
430 1726 503 1779 bona
515 1725 656 1780 voluntate
667 1726 836 1796 locupletius,
846 1726 914 1782 nihii
925 1727 971 1796 pia
982 1728 1132 1782 devotione
1153 1729 1209 1782 Deo
1221 1734 1258 1782 eet
1268 1745 1283 1781 a

170 1823 259 1889 iriiiua,
270 1830 374 1879 certum
387 1826 511 1894 estquod
520 1826 654 1879 deradice
665 1827 745 1880 bouae
757 1826 905 1881 voluntatis
918 1826 1005 1880 oritur
1021 1827 1128 1880 imctus
1139 1828 1191 1896 pire
1208 1828 1283 1882 devoti

169 1922 291 1991 cibalem
304 1921 356 1993 pire
372 1922 526 1977 devotionis
538 1923 636 1976 merito
648 1924 721 1977 bona
741 1924 869 1977 voluntas
880 1939 936 1976 non
954 1923 1044 1976 solum
1057 1929 1233 1992 augmentum
1244 1941 1283 1978 acc

168 2025 280 2083 ararat,
293 2037 386 2076 verum
400 2021 481 2075 etiarn
500 2022 713 2086 intrumentum,
729 2026 761 2076 ut
776 2022 936 2076 indeficiens
952 2021 1092 2076 subsistat.
1104 2023 1163 2076 Hoc
1182 2023 1219 2077 ita
1235 2040 1283 2077 esse

169 2118 267 2173 rutum
286 2124 328 2172 cat
351 2118 403 2173 illis
414 2119 548 2189 piracipue
567 2119 615 2187 qui
627 2119 815 2172 misericordia
825 2119 875 2172 Dei
887 2119 1071 2188 praeveniente
1089 2120 1196 2174 invitati
1216 2125 1245 2174 ut
1256 2136 1283 2173 re

168 2218 352 2289 ruimequeute
364 2218 509 2273 confortati
522 2223 552 2273 ut
563 2218 669 2287 possint
677 2223 785 2288 gustare
797 2223 825 2272 et
834 2219 927 2272 videre
935 2218 1066 2287 quoniam
1080 2219 1172 2272 suavis
1193 2225 1234 2273 est
1254 2219 1283 2273 Dc

169 2316 340 2389 proticieutoa
352 2317 386 2371 do
398 2318 441 2372 die
452 2317 479 2371 in
492 2318 573 2380 diem,
585 2322 651 2371 eunt
660 2319 694 2372 de
706 2317 806 2371 virtute
818 2318 846 2370 in
856 2318 994 2379 virtutem,
1004 2318 1092 2371 donec
1110 2318 1137 2371 in
1150 2323 1251 2372 tantmn
1263 2334 1283 2388 p

169 2416 272 2472 tiriianu
284 2417 452 2471 incrcrncuta
463 2416 623 2487 perveniant
631 2416 829 2479 celsitudinem,
837 2433 897 2486 quoe
907 2417 1038 2486 perducat
1049 2433 1097 2471 eos
1106 2417 1141 2470 ad
1150 2418 1283 2471 videndun

170 2515 288 2571 itaoruru
299 2514 327 2571 in
339 2515 412 2570 Sion.
425 2515 503 2569 Hunc
513 2516 635 2585 proiecto
648 2515 727 2569 bonae
739 2515 888 2569 voluntatis
900 2520 928 2568 et
939 2515 990 2584 piae
1008 2514 1162 2568 devotionis
1180 2516 1283 2569 affectui

169 2610 358 2683 tropologiam.
370 2627 425 2666 non
438 2611 619 2665 dubitaverim
633 2611 723 2666 dicere
738 2611 815 2665 ilium
824 2627 884 2665 esse
896 2612 1015 2664 fructum
1033 2628 1116 2680 quem
1127 2611 1155 2665 in
1172 2612 1250 2665 nobis
1261 2612 1283 2664 D

169 2709 352 2779 cauritrpucrn
372 2709 398 2763 in
411 2724 465 2779 quo
484 2725 539 2762 nou
552 2708 686 2762 invenerit
697 2713 828 2778 tanquam
847 2709 1044 2762 infructuosam
1063 2709 1230 2762 maledicens
1241 2710 1283 2763 srcr

169 2813 305 2879 pracpartuur
316 2807 449 2861 atcriiituti
462 2807 570 2861 addicit.
587 2807 646 2860 Hoc
664 2812 757 2860 autera
778 2806 831 2860 illis
849 2807 959 2860 evenire
971 2823 1170 2876 nonnunquam
1188 2808 1283 2867 soleti

169 2905 255 2977 capitia
273 2906 320 2961 itai
334 2905 471 2960 ircucitciis
489 2905 594 2973 ingrati,
607 2922 656 2959 noc
674 2906 753 2959 bonae
771 2905 918 2959 voluntatis
938 2906 1103 2961 sacrificium
1123 2908 1283 2961 offerentesr

169 3004 323 3060 ‹iovcrttouia
333 3005 421 3073 ignaru
432 3006 602 3069 ociiribcntea,
612 3023 674 3060 cura
688 3023 787 3060 novem
797 3006 850 3060 illis
858 3007 997 3059 mundatis
1009 3006 1120 3075 quidem
1133 3008 1181 3061 sed
1201 3007 1283 3076 ingrat

170 3104 276 3160 rrruiuut
288 3104 375 3159 cortica
387 3110 414 3159 ot
428 3106 492 3160 darre
501 3105 614 3175 gloriam
635 3107 704 3170 Deo;
723 3106 839 3175 ideoque
852 3123 907 3160 non
920 3106 1009 3160 solum
1027 3108 1084 3174 jam
1101 3113 1229 3177 percepta
1240 3108 1284 3160 bor

169 3208 233 3260 aunt
244 3203 377 3266 orrrittoro.
391 3220 484 3258 verum
495 3205 578 3260 otiam
597 3205 632 3258 ad
650 3221 681 3258 eu
694 3222 755 3273 crure
767 3209 913 3274 potuerant
924 3205 1083 3274 promereri,
1094 3205 1221 3259 obstante
1231 3205 1283 3274 ingr

170 3302 212 3359 uia
224 3303 290 3359 vitio
303 3318 358 3359 riou
371 3308 510 3358 irrorantur
519 3303 668 3373 pervenire.
681 3303 759 3371 Quod
772 3303 876 3357 mulum
889 3304 925 3356 ab
945 3304 988 3356 his
1005 3303 1106 3372 quibus
1119 3304 1283 3373 diligentibu

169 3401 262 3457 ‹rtrruiu
283 3406 464 3473 cooperantur
486 3402 511 3455 in
530 3402 641 3464 launum.
660 3402 752 3456 diviua
769 3401 936 3470 dispensatio
948 3401 1161 3455 misericorditer
1179 3403 1277 3456 avertit

168 3500 278 3573 triticiam
290 3500 435 3556 tricina-m
447 3502 575 3555 ratiocinia
589 3500 667 3554 lmnru
680 3501 834 3555 voluntatis.
853 3500 919 3567 Quae
931 3500 1017 3568 gratia
1034 3500 1084 3553 Dei
1097 3517 1159 3554 cura
1172 3501 1200 3555 iu
1213 3518 1283 3554 vacu

169 3599 295 3672 recipitur
304 3600 351 3655 arai
362 3599 388 3655 iu
399 3616 466 3669 crpus
476 3599 667 3669 proceditipsc
675 3617 691 3653 a
699 3616 754 3669 quo
764 3605 806 3653 est
817 3615 900 3653 omne
909 3600 1004 3653 datum
1014 3600 1148 3669 optimum
1161 3606 1189 3653 et
1201 3618 1282 3654 omne

169 3698 328 3769 procinctam.
340 3714 437 3751 ciuicas
449 3702 577 3766 prunstare
586 3697 729 3751 consuerit
740 3697 841 3766 quibus
859 3697 1023 3750 accendatur
1031 3702 1059 3749 et
1070 3713 1179 3766 semper
1195 3698 1283 3752 innon

170 3812 219 3853 ror
231 3797 281 3867 pria·
290 3796 452 3852 «tractanti.
463 3796 520 3851 iios
530 3796 629 3865 itaque.
642 3797 768 3866 quamvis
779 3800 936 3865 peccatores
947 3796 1049 3864 indigni
1058 3801 1086 3849 et
1096 3796 1283 3865 negligentesn

168 3910 222 3967 cruc
235 3895 304 3951 iutra
323 3896 505 3967 proricctoruru
524 3895 621 3949 rucrita
642 3895 789 3953 constituti,
802 3896 835 3948 de
856 3895 1007 3949 abundanti
1026 3895 1160 3949 beneficio
1172 3901 1200 3949 et
1212 3898 1280 3950 mise

170 3994 217 4049 tat
231 3995 294 4051 tatia
304 4010 390 4065 utitur
402 3995 473 4049 circa
484 4012 535 4049 naa
547 3995 606 4061 cius
616 3994 747 4049 trcrrcttcia
759 3995 923 4049 exuberasse
936 3995 1166 4063 recognoscimus
1178 3996 1231 4051 Pro
1244 4014 1280 4066 qu

169 4092 369 4163 ingratitudinis
386 4094 462 4163 tergui
482 4094 582 4148 rrrcrito
597 4093 759 4161 judicemur.
775 4110 831 4147 non
851 4094 940 4147 solum
953 4093 1066 4162 nosipsi
1084 4095 1186 4162 gratias
1198 4113 1283 4165 agere,

168 4192 250 4247 otiam
264 4196 290 4247 ct
300 4192 370 4248 atim
382 4192 525 4248 uobiscum
535 4191 568 4245 ad
581 4190 635 4244 hoc
648 4190 802 4245 iaciendum
816 4208 965 4260 provocare
977 4208 1114 4248 curamus.
1131 4194 1283 4263 qualicumc

168 4295 401 4347 tttctttcttctrtutttos
413 4292 421 4327 ¹
434 4292 468 4346 ad
478 4306 654 4345 enarrarunem
667 4289 810 4345 utilitatem
824 4291 889 4361 quid
902 4291 968 4345 illud
980 4292 1053 4345 sitin
1065 4309 1121 4361 quo
1140 4293 1283 4348 eisitan-ite

168 4390 240 4445 cauit
250 4390 400 4445 irrisoribus
411 4406 444 4445 cr
457 4388 522 4444 altra

204 4586 212 4621 ¹
226 4604 276 4641 m·
285 4588 415 4657 cappiano.
