3248 5392
186 330 256 403 170
518 350 643 402 curus.
670 350 773 402 cono.
800 322 1075 402 us'aioassefflc.

182 543 253 611 quod
272 544 302 595 in
319 543 426 608 qunis
443 550 466 595 et
484 544 598 595 conticis
619 544 705 595 Deum
725 544 871 595 laudatis?
888 541 1045 596 Theodosia
1066 546 1164 596 sancia
1182 541 1266 596 dixit:
1278 542 1394 597 biretam

180 642 308 706 deberem,
319 642 465 694 seeundum
472 649 634 709 praeceptum
647 642 766 705 Domini,
777 643 944 708 morqaritas
962 643 1065 693 mittere
1072 642 1177 708 porois,
1191 647 1289 705 umen,
1304 647 1333 693 ut
1340 642 1395 705 forte

181 741 214 793 de
229 741 402 793 audientibus
420 743 580 808 quicumque
602 742 747 805 salsentur,
762 741 869 793 Cbriato
887 741 1005 793 Domino
1025 743 1141 795 donante
1158 740 1252 793 diaam
1263 746 1357 806 quassu
1368 742 1396 793 eit

181 838 333 890 meblimitas
352 840 510 905 oiqiliarum
522 847 546 892 et
562 841 730 905 hymnorum.
745 840 817 904 Quid
834 841 905 891 ereim
926 841 955 889 in
971 840 1088 907 psalmis
1110 854 1165 891 non
1187 839 1326 891 invenimur
1341 838 1396 905 qni

176 938 303 1005 proficiat
320 939 357 990 od
376 939 497 1003 salutem,
514 940 551 990 ad
570 940 721 1003 utilitatem,
738 940 775 990 ad
797 939 1005 1003 edificationem,
1023 940 1060 990 ad
1077 938 1289 992 consolationem
1302 936 1398 989 bunum
1407 940 1419 989 5

100 1104 102 1109 Ι
179 1035 310 1100 qeneris?
323 1034 417 1086 Omnis
425 1041 488 1087 atas
501 1036 529 1086 in
535 1037 652 1101 psalmis
663 1035 739 1087 babet
749 1036 820 1101 qnod
833 1036 960 1099 innitetur,
977 1036 1054 1087 babet
1073 1036 1146 1101 quod
1157 1034 1312 1087 deuotum.
1328 1032 1398 1085 sau

181 1136 276 1200 instans
296 1137 366 1202 quod
386 1136 470 1201 lactet,
489 1152 558 1202 puer
578 1137 649 1204 quod
669 1137 767 1201 insudet,
791 1137 943 1188 adolescens
967 1138 994 1187 in
1016 1152 1068 1203 qno
1088 1137 1214 1202 corriqat
1235 1136 1311 1187 riam
1328 1149 1398 1197 suam

172 1235 283 1299 juvenis
300 1235 371 1301 qnod
388 1241 525 1302 sequatur,
537 1238 628 1288 senior
645 1237 712 1302 quid
728 1242 862 1302 precetur.
882 1236 970 1287 Discit
988 1236 1093 1301 femina
1109 1235 1281 1302 pudicitiam
1290 1251 1301 1298 ,·
1312 1232 1399 1301 papus·

180 1335 320 1386 inueniunt
335 1341 447 1400 patrem,
460 1336 680 1400 riduujudioem
692 1337 799 1388 adeona
810 1336 942 1387 cristodem
952 1353 963 1399 ;
975 1336 1091 1387 audiunt
1103 1350 1180 1400 reqes
1192 1340 1217 1386 et
1225 1334 1338 1400 judiees
1346 1332 1399 1400 quii

179 1435 298 1485 timeant.
318 1433 445 1486 Psaimus
467 1435 571 1487 tristem
594 1436 756 1497 consolatur,
779 1436 866 1487 tatum
887 1441 1023 1501 ternpuat,
1046 1436 1150 1486 iratum
1174 1435 1295 1499 mitiqat,
1312 1433 1432 1501 pasprit

181 1548 237 1583 rem
253 1539 364 1597 reorent,
380 1534 486 1586 diuitem
505 1540 534 1585 ut
554 1550 581 1585 se
607 1541 732 1600 aqnosrnt
753 1535 893 1600 inoreqmi,·
910 1533 1032 1586 omnibus
1051 1534 1162 1585 omuino
1184 1531 1367 1585 irrorantibus
1378 1546 1401 1583 re

180 1637 272 1699 aptam
283 1633 445 1685 medicinam
455 1633 551 1685 tribuit
562 1652 572 1697 ;
589 1640 613 1686 et
626 1641 791 1700 peccatorem
800 1634 920 1700 despicit,
929 1634 975 1685 sed
984 1634 1131 1685 remedium
1143 1634 1171 1685 ei
1185 1648 1239 1700 per
1256 1632 1400 1700 patientiam

180 1731 327 1783 salubriter
338 1733 444 1798 inperii.
461 1733 586 1785 Prouidet
603 1734 684 1799 plane
704 1733 825 1799 Spiritus
841 1740 951 1785 sanetus
969 1732 1195 1799 quemadmodum
1206 1733 1335 1785 salvetur.
1350 1729 1401 1784 Hx

180 1835 243 1881 suut
261 1831 366 1882 coretioa
386 1847 443 1897 qua
462 1833 536 1883 cum
555 1833 671 1887 ecelesia,
683 1832 736 1883 ime
753 1837 790 1882 est
809 1831 899 1896 qloria
920 1832 949 1881 in
967 1847 1020 1898 qua
1042 1832 1130 1882 soordi
1150 1830 1287 1882 exultant.
1299 1828 1401 1881 ruam

180 1928 310 1980 audisti?
327 1929 467 1995 Inteliiqis,
488 1932 595 1982 miser?
617 1930 661 1982 Aa
679 1931 825 1983 secundum
842 1936 980 1982 cortuum
998 1931 1169 1996 impaenitens
1181 1926 1403 1983 dsesourirortobi
1414 1928 1435 1975 a

181 2028 254 2079 iram
265 2029 296 2080 in
304 2029 347 2081 die
367 2031 416 2082 ira
424 2037 447 2081 et
460 2031 628 2083 revetationis
630 2032 704 2094 justi
708 2030 814 2095 judicii
823 2030 874 2082 Dei
885 2033 899 2082 ?

221 2122 255 2181 ⁸.
277 2124 398 2178 Audiens
409 2123 468 2177 haec
481 2124 608 2178 Urbanus
625 2140 732 2191 praeses,
748 2123 817 2177 dixit
829 2142 835 2176 :
854 2126 992 2191 Inqeuiose
1010 2125 1117 2191 quidem
1129 2130 1153 2175 et
1171 2124 1316 2190 composite
1327 2124 1402 2175 toruo

180 2239 207 2273 es
218 2241 227 2284 ,·
238 2228 327 2274 tamen
337 2238 398 2273 erem
410 2222 486 2273 dieas
502 2228 526 2272 te
544 2237 626 2272 renisum
645 2221 733 2273 Deum
752 2221 843 2284 colere,
861 2227 916 2273 tres
932 2221 1050 2272 adorare
1062 2220 1239 2285 coquosoeris.
1258 2218 1304 2271 Ea
1318 2217 1403 2286 mnu

180 2322 297 2387 intdliqi
312 2327 397 2387 potest
418 2320 525 2372 Putrem
542 2327 564 2372 et
585 2320 690 2371 Filium
708 2336 784 2387 quem
802 2321 893 2373 dicitis
911 2322 1002 2371 uniter
1013 2320 1206 2371 adorandum:
1217 2318 1289 2386 quid
1298 2317 1402 2373 urrisu

180 2437 257 2487 quem
269 2420 404 2486 Spiritum
415 2427 535 2471 satiatum
549 2420 699 2486 appellatio,
708 2420 755 2473 boo
767 2421 869 2472 edicito.
886 2419 958 2472 Juro
974 2425 1063 2471 aretem
1081 2434 1131 2485 per
1142 2419 1206 2470 deos
1223 2425 1250 2470 et
1262 2432 1315 2485 per
1329 2420 1436 2472 mu

179 2520 292 2572 salutem
303 2521 369 2586 quia
391 2521 489 2571 andire
504 2520 632 2571 desidero.
651 2517 808 2572 Theodosia
825 2521 920 2571 sancta
931 2516 1017 2571 dixit:
1034 2517 1109 2579 Vere,
1125 2519 1197 2569 sieut
1220 2518 1351 2584 seriptum
1365 2522 1403 2577 ed,

180 2619 324 2671 quietiores
335 2625 398 2670 sum
408 2618 462 2681 filii
473 2618 644 2669 tenebrarum
656 2634 738 2684 quam
749 2618 802 2682 filii
814 2619 890 2669 leucis.
907 2616 1015 2678 Tamen,
1026 2617 1095 2668 sient
1113 2616 1246 2683 superius
1263 2615 1333 2679 dixi,
1348 2614 1404 2682 qu·

179 2734 233 2769 nou
248 2717 339 2768 debent
354 2718 479 2784 pretiosa
498 2719 655 2781 marqaritm
672 2718 763 2782 porois
780 2718 858 2779 mitti,
878 2717 1068 2767 verumetiam
1090 2722 1115 2767 te
1128 2714 1256 2780 judicem
1272 2714 1402 2781 inanum

172 2816 304 2881 judicabo
321 2817 358 2868 ad
381 2817 546 2867 audiendum
563 2822 761 2868 sacramentum
784 2816 938 2868 Trinitatis.
964 2815 1001 2866 Et
1030 2830 1101 2866 nuno
1129 2814 1228 2866 adhibe
1255 2813 1403 2881 patientiam

179 2915 342 2981 tibimetipsi,
354 2922 377 2967 et
389 2916 478 2966 dicam
489 2916 580 2981 qualis
591 2917 627 2967 sit
639 2917 711 2968 rotio
725 2917 784 2980 ista,
800 2932 852 2981 pro
864 2916 950 2967 solute
962 2915 1139 2966 audientium.
1159 2914 1240 2965 Audi
1251 2929 1321 2979 erqo.
1334 2912 1435 2965 Poterit

180 3019 203 3064 et
215 3012 307 3065 Filius
315 3020 338 3064 et
347 3013 470 3079 Spiritus
479 3020 589 3064 sanctus
598 3030 682 3064 unum
691 3020 761 3073 sunt,
775 3030 830 3064 um
842 3014 976 3078 nemesius,
989 3029 1044 3063 rena
1054 3013 1148 3064 deitas.
1158 3011 1232 3063 Nam
1244 3013 1313 3064 sieut
1323 3010 1403 3062 Fam

180 3128 212 3163 ea
224 3113 302 3164 eorde
314 3113 407 3163 Patris
418 3114 553 3178 processit,
566 3114 641 3164 itaet
654 3112 775 3178 Spiritus
792 3119 902 3164 satiatus
920 3113 951 3163 de
963 3112 1045 3163 Patre
1064 3118 1087 3163 et
1100 3110 1182 3163 Filio.
1200 3111 1348 3178 Propterea
1357 3115 1402 3161 tra

179 3210 342 3275 eorefitemur,
354 3218 378 3263 et
388 3227 470 3263 teretem
480 3213 615 3263 credimus
626 3213 678 3276 fide
688 3231 697 3275 ;
709 3219 732 3263 rt
749 3214 818 3263 sicut
836 3213 917 3263 Pater
930 3214 958 3262 in
979 3211 1059 3275 Filio,
1069 3212 1108 3263 ito
1117 3217 1141 3261 et
1155 3209 1252 3263 Filius
1267 3213 1297 3262 in
1308 3209 1402 3276 Spiritu

179 3315 276 3361 saneto.
287 3310 399 3361 Audisti
407 3327 469 3376 erqo
478 3318 501 3362 et
513 3311 616 3362 Filium
627 3319 650 3362 et
658 3312 794 3377 Spiritum
803 3318 923 3362 sarnetum
934 3327 967 3362 en
977 3311 1064 3362 Patre.
1077 3310 1249 3375 Proptereaa
1260 3309 1334 3361 uobis
1342 3324 1403 3359 nnus

180 3409 253 3460 Deus
270 3409 375 3473 colitur,
388 3417 411 3461 ei
434 3410 557 3462 Trinitas
577 3427 640 3462 rara
660 3413 823 3476 aqnoscitnr.
850 3411 914 3462 Eoos
931 3411 1043 3471 audisti,
1060 3410 1119 3460 iicet
1138 3409 1280 3475 indiqnus,
1297 3408 1434 3476 quatuos

182 3507 341 3559 Trinitatem
354 3511 489 3561 eredinms
502 3517 525 3560 et
539 3526 622 3561 sentem
640 3511 726 3562 Deum
744 3511 893 3562 adoramus
910 3516 933 3560 et
951 3509 1069 3561 eoiinms.
1092 3508 1205 3559 Audisti
1222 3524 1282 3575 qua
1301 3509 1403 3559 interro·

177 3608 250 3671 qasti
257 3624 268 3670 ,·
278 3609 366 3659 recede
375 3625 420 3660 neo
430 3610 500 3660 aude
511 3608 519 3640 ¹
538 3626 570 3660 er
583 3609 631 3660 iios
648 3610 768 3675 amplius
786 3610 935 3675 quidquam
950 3610 1124 3671 interroqare.
1136 3607 1181 3659 Ea
1192 3607 1239 3659 bis
1259 3614 1347 3659 autem
1356 3620 1404 3673 que

179 3706 291 3769 audisti,
309 3713 465 3773 perpetuum
483 3708 677 3772 tibijudieiune
689 3714 784 3759 errasset.
805 3708 871 3758 i'idr
888 3708 983 3759 ainodo
1004 3723 1036 3757 ne
1053 3706 1122 3757 mihi
1139 3722 1308 3772 qmrcas,uee
1324 3704 1403 3757 tarda

180 3805 314 3857 malitiam
335 3812 411 3857 tuam
433 3823 554 3859 exercere
572 3809 600 3856 in.
623 3823 671 3859 me.
692 3808 800 3873 Smnper
820 3809 889 3858 enim
911 3808 992 3857 uincit
1012 3807 1059 3872 qui
1080 3807 1108 3856 in
1134 3805 1246 3858 Christo
1268 3806 1403 3867 credituro

179 3905 328 3970 aliquando
340 3906 457 3957 uincitur
468 3908 517 3972 qui
529 3922 611 3972 usqne
625 3908 653 3957 in
660 3907 738 3970 liorem
750 3908 778 3957 in
794 3907 901 3959 Cimisto
909 3911 1072 3973 perseuerat.
1413 3901 1434 3949 ὅ

220 4001 255 4058 9.
278 4000 405 4055 Urbanus
423 4017 522 4070 praeses
537 4001 606 4055 dixit
624 4021 630 4054 ε
651 4004 767 4055 Multum
785 4003 967 4055 rerbositotem
983 4008 1059 4053 tuam
1070 4002 1201 4064 sustinui,
1215 4009 1245 4054 ut
1253 4002 1401 4069 patientiam

182 4118 265 4154 ineam
283 4108 359 4153 stares
372 4101 493 4168 populus
509 4107 680 4166 coquoseeret.
694 4100 773 4153 Nune
785 4117 844 4153 aero
861 4100 1007 4152 sequendum
1023 4099 1149 4151 reteritum
1168 4105 1250 4151 terum
1269 4099 1355 4152 omnis
1368 4096 1402 4147 bit

177 4200 296 4266 populns
308 4200 356 4264 qui
367 4204 391 4249 te
402 4197 580 4249 verbosantem
589 4197 694 4248 audivit
702 4212 837 4262 roseumque
850 4196 1009 4261 pedientiam
1021 4196 1148 4258 ooqrmoit,
1158 4196 1302 4262 omnisque
1311 4200 1370 4246 ntae
1379 4192 1403 4242 in

180 4299 236 4349 tuis
250 4297 389 4348 tormentis
406 4296 515 4357 timebit,
532 4312 564 4347 ue
580 4296 682 4362 aliquis
693 4311 792 4347 suasus
810 4295 896 4346 uerbis
913 4296 968 4345 tuis
988 4295 1017 4345 in
1034 4293 1085 4345 tali
1104 4294 1242 4360 supplicio
1259 4294 1353 4345 ueniat.
1370 4288 1402 4342 Tu

181 4402 270 4448 antem
281 4396 427 4448 seeundum
438 4396 561 4446 nimitum
574 4401 650 4445 titum
661 4411 756 4461 poenas
764 4396 829 4447 leues.
842 4394 875 4445 Et
884 4391 984 4459 adjecit
994 4411 999 4445 :
1010 4393 1097 4458 anite
1114 4394 1273 4457 sartaqines
1284 4399 1308 4445 et
1319 4404 1404 4457 carpta
1415 4394 1436 4445 n

182 4497 240 4559 ejns
248 4496 374 4561 sriqeudo
383 4495 534 4547 consumite.
546 4492 696 4562 deplentur
708 4492 769 4546 oleo
779 4493 937 4560 sartagines
947 4496 974 4545 et
983 4489 1124 4559 supposito
1138 4489 1200 4559 igne
1214 4506 1272 4544 non
1283 4486 1404 4544 sennem

218 4709 225 4742 ¹
239 4710 294 4763 eod.
303 4715 362 4775 post
371 4725 440 4762 eorr.
453 4684 537 4762 sudes
548 4726 553 4769 ;
562 4709 645 4776 prius
655 4706 758 4760 audies.
