3248 5392
363 353 456 408 arar..
482 354 563 407 aas.
591 356 761 408 sarxena.
792 357 944 408 —coa
971 357 1008 408 ro
1033 356 1141 410 aso-sa.
1295 338 1370 411 111·

301 542 441 607 tinenter
456 562 491 607 se
505 548 647 625 agerent.
658 544 794 626 Magnus
816 545 926 628 itaque
947 546 1067 610 exarsit
1080 545 1243 629 pudicitiae
1265 566 1366 612 arnor.

300 639 407 705 Etiam
422 640 531 723 plures
545 640 674 706 feminae
688 642 813 707 munda
835 662 972 726 corpora
992 663 1013 708 a
1036 644 1263 709 commixtione
1284 645 1366 709 virili

300 757 431 804 servare
453 738 637 823 cupiebant,
658 740 704 805 ita
725 743 763 805 ut
787 741 886 806 etiam
911 741 1091 825 Agrippina
1112 746 1145 806 et
1166 742 1313 807 Eusemia
1334 749 1367 808 et

301 836 460 902 Eucharia
475 842 508 903 et
522 838 652 921 Dyones
667 840 807 904 castitati
822 860 858 904 se
870 840 1085 918 devovissent,
1100 861 1174 924 quae
1186 845 1280 906 erant
1290 847 1366 906 con·

300 936 425 1002 cubinae
446 937 589 1020 praefecti
611 938 774 1022 Agrippae.
799 939 978 1022 Postquam
999 939 1086 1003 enim
1106 939 1313 1005 crediderunt
1334 941 1369 1006 in·

300 1032 473 1113 Christum,
494 1035 695 1099 nullomodo
717 1036 804 1101 eiad
819 1036 1013 1118 obsequium
1033 1036 1221 1101 concubitus
1236 1037 1366 1119 acquie-

297 1150 387 1196 scere
399 1132 621 1210 decreverunt,
636 1135 825 1199 confortata
837 1154 857 1199 a
868 1134 1007 1198 Domino
1018 1138 1129 1199 nostro
1140 1134 1217 1200 Jesu
1226 1134 1365 1200 Christo.

301 1230 421 1295 Videns
449 1234 561 1296 autem
585 1232 731 1315 Agrippa
752 1235 924 1315 praefectus
953 1232 1042 1315 quod
1067 1233 1155 1298 Petri
1183 1234 1364 1299 doctrinam

300 1333 420 1395 secutae
445 1334 521 1396 sunt
535 1334 569 1395 et
582 1331 749 1396 libidinem
765 1332 963 1397 unanimiter
983 1333 1192 1413 sprevissent,
1207 1333 1306 1415 coepit
1320 1332 1366 1396 eis

301 1426 442 1492 indicere
456 1428 563 1492 minas
577 1429 704 1507 nimias
716 1449 755 1493 eo
770 1429 857 1513 quod
873 1434 906 1494 et
916 1429 1003 1512 ipsas
1018 1429 1168 1494 incendio
1180 1449 1366 1495 concrema-

299 1529 358 1590 ret.
377 1524 444 1590 Sed
458 1546 627 1609 nunquam
650 1527 756 1609 potuit
776 1528 820 1592 ad
835 1528 1116 1611 inquinamentum
1138 1548 1194 1592 eas
1210 1528 1367 1593 commix-

299 1623 395 1689 tionis
423 1624 597 1702 inflectere,
622 1626 699 1707 quia
723 1625 900 1708 apostolico
925 1646 1075 1691 sermone
1095 1626 1240 1691 fundatae
1262 1631 1365 1692 erant.

299 1721 520 1806 Dixeruntque
541 1724 758 1788 adinvicem:
776 1724 954 1788 Meliascst
971 1745 1030 1787 nas
1050 1724 1172 1789 cuilibet
1186 1745 1287 1809 pana
1306 1745 1365 1810 pro

299 1821 441 1885 castitate
448 1821 642 1886 succumbere
652 1843 747 1906 quam
758 1821 986 1904 Christumcai
995 1825 1168 1887 castitatem
1179 1823 1365 1907 devovimus,

300 1939 452 1984 recusare.
467 1921 700 2002 Indignabatur
711 1922 797 1986 enim
808 1921 955 2004 Agrippa
965 1922 999 1986 in
1010 1923 1192 2004 apostolum
1205 1927 1238 1988 et
1248 1923 1366 1987 treme-

299 2018 357 2083 bat
371 2017 523 2084 dentibus
544 2019 610 2111 suis
625 2039 822 2103 supereum,
837 2039 987 2103 quaerens
1006 2020 1210 2086 occasionem
1232 2025 1269 2085 ut
1289 2041 1365 2086 cum
1424 2040 1426 2044 ’

299 2106 458 2200 potuisset
472 2109 628 2195 accidire.
644 2119 772 2184 Interea
784 2123 859 2201 post
879 2119 951 2184 haec
965 2119 999 2184 in
1014 2122 1210 2184 conventum
1232 2123 1365 2186 senatus

300 2220 541 2300 surrexenmtq
576 2217 654 2281 dam
670 2221 846 2296 senatores,
858 2218 914 2300 qui
928 2221 961 2283 et
974 2217 1146 2283 dixenmt:
1163 2217 1365 2303 Sapparimus

300 2315 506 2398 arnplitudimi
518 2198 632 2410 oga,
655 2315 771 2379 nobiles
790 2318 861 2394 oiri,
877 2317 959 2400 qaod
973 2316 1018 2380 ad
1032 2319 1262 2400 perversionem
1277 2316 1364 2380 urbis

302 2420 419 2477 aterna
435 2413 549 2478 Petras
557 2414 711 2479 marrata
725 2414 870 2479 divortiis
884 2417 1054 2498 mancipat,
1068 2436 1182 2480 accras
1196 2423 1322 2479 nostras
1343 2438 1363 2479 a

300 2511 387 2575 nobis
401 2515 528 2576 omnino
538 2513 693 2598 disjungit
702 2521 730 2577 ct
740 2515 841 2577 nescio
859 2535 955 2598 quam
965 2513 1053 2577 nobis
1067 2535 1180 2578 novam
1195 2521 1223 2577 ct
1236 2514 1364 2578 inaudi-

301 2617 365 2674 tam
377 2611 470 2696 legem
480 2611 616 2676 inducit.
629 2613 668 2677 Et
682 2614 752 2677 haec
767 2613 910 2678 dicentes
926 2612 1104 2678 incitabant
1115 2614 1214 2678 etiam
1226 2613 1306 2678 alios
1320 2613 1363 2678 ad

300 2710 475 2775 tumultum
488 2715 521 2776 et
535 2711 795 2795 appellationem.
806 2711 898 2776 tune
909 2712 1053 2794 Agrippa
1062 2712 1216 2794 gloriatus
1228 2716 1277 2777 est
1288 2713 1364 2796 quia

301 2808 389 2892 quod
403 2809 539 2892 optabat
552 2810 648 2875 Petro
659 2811 721 2875 sub
735 2810 903 2875 occasione
914 2811 1046 2875 invenit

234 2943 299 3015 37ο
323 2943 453 3017 Passio
482 2944 579 3018 beati
611 2944 718 3018 Pauli
752 2945 909 3038 apostoli
943 2967 1008 3038 per
1045 2947 1196 3019 beatum
1229 2945 1364 3019 Linum

284 3058 492 3152 conscripta
503 3060 581 3150 (fol.
601 3061 764 3154 Sit-91¹).

162 3195 235 3248 Pars
242 3195 318 3264 prior
329 3196 412 3264 hujus
421 3197 560 3252 Passionis
571 3198 645 3252 edita
656 3203 698 3252 est
705 3198 778 3266 apud
796 3197 959 3262 Fabricium,
971 3204 1037 3253 torn.
1049 3200 1133 3253 modo
1143 3198 1196 3262 cit..
1208 3217 1233 3268 p.
1244 3200 1364 3265 141-149,

161 3308 181 3346 ιι
189 3308 252 3362 cap.
265 3309 304 3346 r·v
313 3312 320 3356 ;
332 3294 467 3363 posterior
476 3311 542 3349 vcro
552 3294 580 3348 in
589 3297 713 3349 Maxima
725 3297 891 3349 Bibliotheca
900 3304 1016 3350 ceterum
1028 3297 1151 3362 Petrum,
1162 3300 1228 3349 tom.
1241 3296 1275 3360 ΙΙ,
1286 3313 1313 3366 p.
1322 3297 1364 3350 ra

161 3428 171 3455 .‚
179 3407 233 3446 sen
240 3390 289 3445 lib.
298 3409 327 3446 rr.

234 3511 299 3583 38ο
324 3508 453 3583 Passio
472 3510 525 3583 8¹²
541 3510 758 3603 Margaretae
775 3510 939 3603 virginis,
960 3512 1060 3603 quod
1078 3515 1134 3583 est
1149 3510 1256 3584 tertio
1278 3511 1364 3584 Idus

283 3631 370 3705 auur
382 3633 460 3726 (ror.
479 3634 642 3727 arr-os).

163 3770 256 3837 Edita,
267 3770 337 3838 stylo
347 3769 463 3825 subinde
475 3775 591 3835 mutato,
600 3772 673 3841 apud
684 3771 878 3834 Mambritium,
891 3775 957 3825 tom.
970 3771 1002 3824 ΙΙ.

234 3889 299 3961 aso
323 3887 408 3962 uta
425 3888 461 3961 s,
475 3887 686 3982 tremum.
704 3890 868 3983 osv-ss).

164 4027 229 4080 Vita
240 4024 312 4094 stylo
321 4025 428 4080 diversa
439 4026 474 4080 ab
482 4042 515 4080 ea
526 4043 588 4095 qua
600 4025 674 4081 edita
685 4031 727 4081 est
744 4027 773 4082 in
783 4029 842 4080 Act.
854 4028 908 4090 SS,
926 4027 961 4080 ad
973 4027 999 4080 d.
1013 4028 1043 4080 17
1051 4026 1124 4092 tulii,
1136 4031 1202 4080 torn.
1218 4027 1262 4088 IV,
1271 4045 1296 4096 p.
1305 4028 1364 4081 ffir-

161 4126 188 4179 a
201 4123 263 4179 Vid
275 4124 398 4194 Append

231 4243 298 4316 400
323 4242 409 4316 Vita
436 4244 472 4316 S.
498 4243 678 4317 Frederici
707 4242 868 4336 episcopi
896 4242 1153 4336 TrajectensiS,
1180 4244 1281 4336 quod
1309 4249 1366 4318 est

282 4388 345 4439 xva
362 4366 547 4440 Kalendas
564 4366 723 4459 Augusti
741 4367 820 4459 (iol.
838 4368 1028 4460 {ta-roa).

164 4505 247 4560 Edita
257 4504 288 4559 in
300 4507 359 4559 Act.
370 4504 426 4571 SA,
444 4505 480 4558 ad
497 4504 523 4558 d.
536 4504 568 4557 18
582 4503 653 4570 Julii,
664 4508 732 4558 tom.
744 4504 789 4570 IV,
800 4521 826 4572 p.
837 4505 954 4558 ido-470.
971 4530 1005 4545 -
1016 4503 1111 4558 Brevis
1128 4503 1225 4558 relatio
1242 4504 1325 4559 ablati
1348 4522 1365 4559 a

161 4604 238 4675 iiqno
251 4619 367 4673 corpore
376 4602 473 4673 capitis
482 4602 507 4657 S.
516 4602 652 4657 trederici
660 4603 745 4667 (edita
753 4603 827 4669 ibid,
838 4621 864 4673 p.
872 4604 930 4668 151,
938 4619 1014 4659 num.
1022 4603 1058 4671 8),
1067 4603 1190 4674 sequitur
1198 4602 1226 4657 in
1235 4604 1294 4658 cod.
1303 4609 1366 4673 pact

161 4706 231 4759 tam.
