3142 5392
388 374 479 427 aran.
505 375 585 427 aas.
613 374 784 427 anorum.
812 396 858 405 —-
885 375 965 428 con.
992 365 1030 425 n⁰
1055 370 1163 426 ras-sa.
1318 351 1390 424 235

390 563 473 617 Porta
490 563 593 628 salutis,
611 579 670 629 ave,
688 528 835 632 perquam
853 567 929 633 patet
945 563 1035 616 exitus
1052 579 1068 616 a
1085 579 1133 616 vae.

392 662 473 717 Venit
488 662 525 716 ab
541 663 599 716 Eva
615 661 681 715 Vae:
699 661 772 731 quod
789 662 855 730 quia
872 661 953 725 tollis,
970 678 1029 716 ave.

211 777 279 832 ror
291 780 354 833 Ἠ
366 778 464 848 legitur
476 778 597 847 diploma
608 777 683 845 quod
701 776 821 830 Coloniae
833 775 940 830 decimo
958 776 1010 830 kal.
1026 776 1096 844 junii
1113 792 1186 829 anno
1205 791 1305 840 unrxu,
1324 775 1390 828 indi·

250 877 349 931 ctione
366 877 480 939 decima,
493 876 567 930 dedit
578 875 675 930 beatus
687 876 776 938 Anno,
787 875 958 929 coloniensis
970 875 1198 944 archiepiscopus,
1215 875 1344 963 iratribus
1355 875 1390 928 de

247 975 425 1030 monasterio
437 976 463 1029 S.
472 975 588 1037 Martini,
597 975 637 1028 eis
646 974 792 1028 nonnullas
804 974 924 1027 decimas
936 975 1110 1027 conserendo

256 1196 294 1266 1⁰
323 1192 409 1265 Vita
441 1189 644 1265 beatissimi
685 1190 874 1279 Bernardi,
916 1188 1197 1264 clarevallensis
1244 1187 1390 1261 abbatis

305 1308 385 1399 (fol.
406 1308 540 1398 1¹-54').
763 1376 767 1381 .

162 1437 267 1490 Edita
279 1436 312 1490 in
324 1440 381 1490 Act.
394 1438 450 1501 SS,
463 1437 497 1490 ad
516 1436 541 1490 d.
553 1437 587 1489 90
597 1436 674 1505 Aug,
686 1440 752 1490 tom.
766 1435 810 1496 lV,
826 1451 850 1503 p.
863 1435 979 1498 rba-327,
991 1451 1066 1488 num.
1080 1434 1162 1487 1-271.
1175 1462 1205 1483 .-
1218 1433 1283 1487 Haec
1296 1438 1388 1486 tamen

147 1535 276 1590 oranda
286 1534 431 1589 videntur:

204 1634 302 1687 Num.
315 1634 339 1693 3.
351 1637 410 1687 cod.
420 1635 581 1688 Bernartius
592 1651 654 1702 arpo
664 1636 831 1702 Burpundiar
842 1636 940 1703 oppido
951 1635 1093 1687 oriumlua.

204 1732 302 1787 Num.
313 1732 354 1796 21,
365 1749 414 1800 pro
425 1734 565 1799 Juuerom,
574 1732 634 1786 cod.
652 1734 783 1786 Vallatum.

205 1831 303 1885 Num.
321 1832 362 1897 26,
371 1831 406 1885 ad
418 1831 464 1884 lin.
473 1831 549 1885 add:
561 1833 698 1897 erontum
714 1849 775 1885 vero
788 1834 817 1884 in
834 1832 985 1899 scripturis
997 1832 1090 1889 caleat.
1109 1833 1201 1897 polam
1216 1831 1340 1883 ornuiboa
1351 1836 1388 1882 eat

250 1933 307 1999 qui
318 1932 512 1997 adloquentem
524 1947 582 1982 eum
592 1931 689 1982 ordire
702 1930 740 1982 rel
751 1931 845 1998 aliqua
853 1945 910 1997 quar
921 1931 1031 1996 scripsit
1040 1931 1124 1994 lepore
1131 1930 1278 1996 potiremur.

206 2028 333 2081 Numm.
345 2027 378 2080 48
387 2032 414 2079 et
424 2026 458 2079 49
466 2026 551 2079 hocce
559 2026 643 2079 modo
652 2027 680 2079 in
690 2025 749 2079 cod.
759 2026 904 2079 immutata
915 2026 1057 2095 leguntur:

278 2141 391 2205 Primo
407 2145 553 2222 tempore
568 2139 728 2203 adventus
744 2141 813 2222 ejus
828 2140 870 2203 ad
886 2139 1098 2204 Clarevallem
1113 2140 1244 2221 contigit
1257 2139 1387 2203 losber·

323 2244 392 2303 turn
414 2238 600 2322 quemdam,
615 2239 756 2302 nobilem
779 2239 820 2302 de
843 2239 974 2302 castello
995 2239 1143 2321 proximo
1165 2239 1215 2302 cui
1237 2237 1387 2302 Firrnitas

323 2358 443 2402 nornen
458 2342 516 2415 est,
531 2341 698 2419 aegrotare.
714 2337 861 2420 Cumque
879 2339 1121 2419 ingravescente
1137 2339 1243 2401 subito
1258 2337 1387 2418 aegritu-

324 2438 399 2501 dine
420 2438 660 2502 obmutesceret
675 2440 707 2501 et
725 2436 794 2518 jam
811 2438 892 2500 mori
914 2438 1069 2519 incipiens
1089 2438 1158 2501 sine
1181 2437 1298 2500 viatico
1312 2435 1387 2498 hinc

322 2535 436 2613 abiret,
448 2541 616 2618 coeperunt
630 2555 744 2599 omnes
759 2535 821 2599 hoc
835 2537 939 2617 magis
955 2536 1066 2599 dolore
1082 2536 1189 2617 affligi,
1206 2541 1273 2599 tam
1286 2535 1386 2617 ipsius

323 2636 400 2716 aegri
415 2635 508 2711 filius,
530 2636 612 2699 alter
626 2635 802 2710 Josbertus,
819 2655 918 2716 quam
935 2635 1107 2717 propinqui
1123 2634 1221 2699 ceteri
1237 2639 1269 2698 et
1291 2633 1386 2697 antici

318 2734 489 2814 omnisque
501 2734 632 2809 familia,
644 2733 731 2815 quod
743 2734 812 2797 sino
824 2733 1024 2797 confessione
1037 2739 1244 2815 peccatorum
1257 2738 1289 2796 et
1300 2751 1388 2796 corn-

323 2832 485 2896 munionis
500 2852 600 2897 sacrae
615 2832 822 2915 perceptione
837 2837 1017 2896 moreretur
1031 2833 1079 2895 vir
1099 2833 1255 2897 honestus
1272 2852 1387 2896 secun·

311 2931 390 2995 dum
402 2951 543 2995 carnem.
554 2931 745 2995 Eratautem
757 2936 912 3012 cognatus
924 2932 982 2994 viri
991 2933 1048 2995 Dei
1060 2932 1237 2996 secundum
1246 2950 1387 2996 carnem.

323 3030 471 3112 Cumque
485 3030 527 3094 ad
543 3050 619 3094 eum
633 3031 764 3093 nuntius
779 3031 981 3105 cucurrisset,
1003 3030 1131 3094 rediens
1154 3051 1172 3094 a
1190 3031 1387 3095 monasterio

322 3128 610 3204 Trium-Pontium,
633 3129 720 3212 quod
742 3129 775 3192 in
796 3130 951 3210 parocbia
973 3129 1225 3194 Cathalaunensi
1245 3130 1386 3211 primum

323 3228 468 3291 omnium
484 3229 553 3310 ipse
569 3227 724 3304 fundavit,
747 3228 876 3291 divertit
898 3228 941 3291 ad
963 3229 1130 3292 ecclesiam
1153 3229 1340 3310 quamdam,
1356 3233 1387 3293 et

322 3346 382 3407 pro
396 3327 512 3391 eodem
524 3327 651 3390 infirmo
663 3327 777 3391 obtulit
790 3326 929 3390 hostiam
941 3327 1125 3391 salutarem.
1142 3328 1264 3391 Eadem
1277 3332 1387 3392 autem

323 3425 404 3488 hora
419 3426 502 3490 inse
523 3425 651 3490 rediens
673 3426 771 3489 homo
793 3425 917 3489 locutus
938 3431 996 3503 est,
1013 3430 1045 3489 et
1072 3432 1206 3507 peccata
1230 3446 1288 3490 sua
1314 3446 1388 3490 cum

323 3523 463 3588 lacrimis
478 3524 649 3588 fatebatur.
662 3525 738 3600 Sed,
753 3529 789 3587 ut
804 3524 973 3605 diligenter
984 3525 1157 3606 probatum
1169 3518 1297 3602 estlrbi
1312 3545 1388 3590 san·

323 3627 392 3686 ctus
420 3623 469 3686 vir
493 3622 686 3686 sacrificium
716 3623 962 3699 consummavit,
989 3624 1039 3686 ille
1067 3643 1197 3705 quoque
1226 3625 1387 3688 obmutuit

323 3721 405 3785 sicut
426 3722 524 3803 prius.
550 3721 632 3786 Cum
647 3726 757 3787 autom
773 3722 976 3786 desideratus
991 3722 1109 3787 Christi
1131 3743 1242 3787 servus
1258 3724 1389 3788 adesset

324 3839 396 3884 cum
419 3820 564 3885 Gorardo
586 3821 684 3884 fratre
705 3840 764 3885 suo
787 3825 819 3884 et
840 3822 998 3885 avunculo
1021 3821 1190 3897 GaudricO,
1213 3823 1255 3886 ab
1277 3823 1388 3887 amicis

324 3918 423 4000 ipsius
452 3919 601 3983 obnixius
632 3920 808 4000 rogabatur
838 3924 872 3983 ut
898 3940 956 4002 pro
983 3940 1021 3983 eo
1047 3924 1164 3984 oraret.
1190 3921 1388 4003 Compassus

322 4021 432 4081 autern
447 4022 538 4082 tanto
553 4017 655 4082 dolori
678 4022 710 4082 el
726 4018 923 4083 confortatus
938 4020 971 4082 in
987 4020 1126 4083 Domino
1148 4024 1179 4083 ct
1194 4020 1339 4085 bonitate
1356 4025 1386 4086 et

323 4117 465 4198 potentia
480 4117 607 4182 virtutis
623 4119 703 4200 ejus,
719 4122 831 4182 sancto
846 4119 907 4182 sibi
929 4119 1049 4200 Spiritu
1074 4119 1239 4184 revelante
1258 4140 1314 4183 cur
1327 4120 1388 4184 hoe

323 4215 382 4279 sibi
408 4215 586 4294 accidisset,
612 4236 686 4281 cum
715 4218 802 4281 omni
836 4217 952 4281 fiducia
978 4219 1023 4282 eis
1056 4219 1225 4300 respondit
1253 4239 1260 4280 :
1294 4220 1389 4283 Scitis

324 4322 442 4398 quorrto
457 4315 544 4377 molo
562 4314 670 4397 fecerit
690 4315 779 4379 homo
800 4317 857 4379 iste
878 4323 904 4378 ot
925 4325 1043 4399 querito
1066 4317 1251 4380 immutarit?
1262 4317 1389 4381 Reddat

324 4411 430 4476 atam
444 4420 471 4477 et
485 4415 720 4478 consuetudines
729 4435 852 4498 proras
868 4415 1001 4498 obirepet,
1016 4437 1109 4497 saper
1124 4437 1281 4499 porqueres
1294 4437 1389 4480 risur-

319 4518 398 4594 potu
410 4514 555 4576 restituat
565 4519 632 4576 tom
642 4515 707 4596 ipae
717 4535 812 4598 quom
821 4513 910 4596 filius
920 4521 946 4576 et
956 4513 1085 4595 familia
1097 4535 1165 4597 suo,
1177 4522 1204 4578 et
1216 4515 1389 4580 christiano

323 4612 576 4675 moramorietar.
593 4611 798 4694 Obstupuere
814 4632 927 4677 omnes
939 4612 981 4676 ad
996 4616 1096 4676 tantae
1114 4613 1240 4678 fiduciae
1251 4617 1388 4697 promis-

323 4709 456 4788 sionem,
471 4729 510 4774 co
529 4711 618 4792 quod
639 4710 748 4792 ignota
773 4711 880 4778 adhuc
902 4711 1086 4777 hominibus
1109 4711 1212 4792 gratia
1234 4713 1387 4811 divinitus
