3142 5392
274 354 367 407 BlBL.
393 354 475 406 ΗΒΕ.
502 354 675 406 BRUXELL.
704 376 750 385 -
776 355 857 407 COD·
882 356 920 406 ΝΟ
946 355 1053 407 380-82.
1208 334 1280 408 905

210 543 397 608 contristari
421 544 644 616 vehementer,
666 548 698 609 et
723 545 766 608 ad
792 545 1004 627 semetipsum
1019 545 1084 609 ait:
1106 545 1190 624 Quid
1204 544 1282 608 milri

209 641 336 724 prodeo
359 644 393 704 in
416 641 472 706 hoc
496 643 597 707 secedo
626 644 805 706 transeunti
827 643 1012 727 dignitatem
1042 642 1162 721 trabere,
1190 646 1280 708 utin

207 741 322 823 futrrro
336 741 437 805 seculo
447 761 559 824 perros
582 741 740 824 conferam
754 742 770 804 ‚9
782 743 908 807 Aurum
930 742 1018 824 quod
1043 743 1170 821 tulerat,
1184 763 1281 809 omne

210 837 411 919 pauperibus
427 839 580 921 erogavit,
593 843 626 904 et
640 839 686 903 ait
707 839 750 903 ad
774 840 1025 922 imperatorem:
1039 839 1107 923 le'po
1128 839 1282 924 Georgica

211 935 405 1000 christianus
419 957 504 1013 arran,-
515 945 542 1001 et
563 938 750 1021 dignitate-m
765 946 851 1002 loom
867 959 930 1001 non
952 959 1101 1023 gerarum,
1115 941 1192 1023 perio
1206 947 1281 1003 tan·

205 1036 334 1118 poro-lis
344 1043 406 1115 cst:
416 1037 470 1099 scd
483 1036 584 1100 Deum
601 1058 703 1100 arverna
719 1036 820 1099 odoro
830 1039 864 1099 in
874 1038 1013 1101 caritate.
1029 1038 1190 1102 Dacianus
1202 1039 1282 1104 dixit

211 1134 408 1217 imperator:
429 1135 504 1199 Vere
517 1136 603 1200 doleo
614 1129 709 1219 super
718 1136 987 1219 pndclrriludinem
1005 1144 1103 1218 lacurn,
1117 1158 1156 1200 nc
1171 1139 1205 1200 in
1217 1145 1281 1202 tor-

212 1235 381 1297 meruisset
395 1235 489 1297 anulis
495 1237 600 1318 poenir
610 1234 746 1317 deficias.
763 1236 884 1299 Beatus
897 1235 1052 1317 Georgius
1064 1236 1164 1301 dixit:
1179 1236 1229 1300 Tu
1242 1237 1280 1300 dc

212 1353 262 1395 me
276 1333 346 1395 nolo
360 1332 485 1413 doleas:
499 1334 552 1397 sed
566 1334 604 1397 dc
617 1341 645 1397 te
659 1334 727 1397 dole
738 1341 765 1397 et
776 1341 865 1397 trium
888 1340 1004 1397 atatem
1022 1334 1100 1418 lupe,
1115 1337 1189 1419 quia
1207 1356 1280 1418 per·

211 1430 280 1493 dito
297 1438 349 1495 est.
372 1431 534 1497 Decianus
550 1437 661 1497 autem
683 1433 763 1497 dixit
784 1455 791 1497 :
820 1432 904 1512 Quid
920 1433 1020 1496 rnnltu
1036 1433 1196 1518 loqueris?
1214 1434 1282 1499 Fac

211 1530 400 1594 aolrcntotem
417 1553 527 1595 creatu.
543 1531 629 1596 Juro
644 1531 700 1595 tibi
709 1553 768 1615 per
782 1532 854 1596 deos
870 1552 962 1613 tereos,
978 1530 1101 1596 Zebeem
1115 1539 1142 1595 et
1157 1534 1281 1615 Apolli-

212 1649 280 1691 nem
305 1629 492 1715 ctIraclcm,
514 1633 589 1715 quta
605 1633 692 1694 ornari
711 1638 800 1695 terra
814 1631 985 1714 exerrrplunr
1010 1633 1081 1713 eris,
1092 1638 1119 1694 et
1135 1631 1239 1696 ridebo
1253 1635 1282 1695 si

212 1729 316 1791 veniat
328 1727 497 1792 Deustuus
509 1729 651 1793 allideret
666 1738 693 1793 te
707 1729 901 1794 decennibus
915 1730 1000 1793 erreis.
1016 1729 1171 1813 Georgius
1182 1730 1280 1795 dixit:

210 1826 349 1909 Adjuvet
360 1848 407 1890 nae
418 1826 506 1891 Deus
524 1849 610 1892 :itera
624 1836 651 1892 ct
667 1835 695 1892 te
706 1828 903 1911 confundul;
918 1836 945 1891 et
960 1849 1065 1891 oruues
1075 1831 1129 1914 qui
1143 1829 1281 1894 adorant

209 1925 301 1988 idola
312 1932 368 1989 tuo
380 1927 415 1988 in
429 1925 591 2009 infernum
601 1927 833 2012 demergentur.

163 2024 264 2088 Tunc
275 2025 371 2107 jussit
386 2044 462 2089 eum
476 2025 655 2109 imperator
666 2026 828 2091 Decianus
841 2027 1043 2110 apprehendi
1061 2030 1093 2090 et
1108 2026 1226 2092 adduci
1238 2028 1281 2091 ad

209 2126 319 2187 rotam
333 2124 421 2188 illam
430 2144 530 2207 quam
542 2125 767 2190 fabricaverat.
778 2126 919 2189 Veniens
934 2130 1044 2190 autem
1055 2125 1171 2190 beatus
1183 2126 1283 2191 Geor·

210 2223 284 2303 gius
295 2222 375 2286 vidit
390 2227 497 2287 rotam
511 2223 610 2303 illam,
625 2229 658 2289 et
669 2224 766 2289 dixit:
782 2224 866 2303 Quid
873 2225 1003 2307 prodest
1016 2223 1093 2286 :nihi
1103 2226 1210 2288 timere
1220 2232 1283 2289 tor·

211 2329 318 2384 :uento
329 2342 395 2406 qua
410 2342 472 2386 non
480 2330 677 2406 permanent,
693 2323 746 2386 aad
757 2321 852 2404 fierem
866 2322 977 2386 habent
990 2323 1007 2386 ,9
1019 2323 1090 2386 Scio
1108 2323 1280 2387 Dominum

209 2440 314 2482 ornem
328 2419 439 2484 ,Iesum
455 2421 616 2485 Christum
630 2424 712 2485 inlcr
726 2422 805 2486 duos
816 2422 953 2485 latrones
969 2424 1001 2485 in
1015 2443 1105 2485 cruce
1116 2421 1226 2504 fre-isac.
1239 2423 1282 2487 El

209 2519 242 2582 ai
267 2517 425 2582 Dominus
444 2541 530 2584 neme
547 2519 842 2604 propraetoribus
864 2528 1008 2584 inor-tuus
1028 2528 1080 2601 est,
1099 2528 1126 2584 el
1148 2542 1200 2605 eqo
1219 2542 1282 2606 pro

211 2616 353 2680 Domino
371 2639 469 2703 quare
488 2640 552 2682 non
574 2621 707 2702 moriar,
728 2627 763 2682 nt
787 2622 820 2683 in
844 2627 958 2683 aterno
981 2620 1085 2683 semela
1105 2620 1282 2685 ·eicom?Et

210 2719 291 2780 tunc
302 2716 466 2782 clamabat
481 2737 562 2782 voce
576 2738 706 2801 magna,
722 2717 832 2784 dicens
849 2741 856 2782 :
873 2718 1026 2800 Deciana,
1049 2719 1203 2800 Dodone,
1226 2719 1283 2802 far

210 2814 401 2878 voluntatem
414 2817 582 2899 patriotae?
595 2815 723 2880 dioboli.
746 2817 786 2882 Et
796 2818 893 2901 jussit
909 2838 983 2882 eum
1000 2818 1163 2882 Dacianus
1177 2819 1281 2902 impe-

209 2916 303 2976 rator
312 2914 544 2997 comprehendi
560 2919 592 2979 et
606 2915 740 2999 ligatum
749 2917 867 2998 jactari
879 2935 977 2998 super
991 2920 1098 2980 rotam
1116 2921 1149 2981 et
1164 2917 1281 2982 minari

208 3016 318 3075 rotam
332 3013 365 3076 in
378 3033 468 3096 gyro.
479 3013 520 3078 Et
534 3013 643 3079 ridens
658 3015 822 3080 Dacianus
836 3016 1024 3098 imperator,
1040 3015 1122 3081 dixit
1136 3038 1144 3080 :
1167 3015 1226 3080 Ubi
1239 3025 1282 3081 est

210 3108 303 3173 Deua
327 3110 430 3174 turm?
446 3112 487 3176 rt
512 3113 651 3194 partitus
673 3116 723 3176 est
748 3113 781 3176 in
807 3113 921 3177 decem
947 3113 1105 3194 partibus
1134 3117 1168 3178 et
1185 3114 1280 3195 jussit

209 3227 290 3272 eum
318 3208 494 3292 imperator
522 3211 555 3274 in
586 3215 686 3292 puteo
718 3211 847 3275 deserto
873 3211 957 3275 mitti
990 3216 1023 3275 et
1056 3211 1174 3276 includi
1207 3232 1280 3276 cum

208 3306 332 3389 lapide.

163 3406 209 3471 Et
223 3406 306 3470 abiit
316 3406 493 3489 imperator
499 3408 542 3473 ad
554 3408 739 3490 prandium.
753 3407 843 3472 Venit
857 3413 966 3473 autem
979 3409 1136 3472 Dominus
1148 3409 1189 3473 de
1200 3410 1281 3473 coelo

208 3523 288 3568 cum
309 3504 431 3586 angelis
454 3506 522 3569 suis
544 3510 576 3569 et
600 3507 690 3570 stetit
709 3526 807 3588 super
832 3510 976 3587 puteum,
1003 3510 1036 3569 et
1057 3507 1167 3570 statim
1186 3509 1281 3570 terrae

207 3606 322 3666 motus
343 3603 446 3666 sactus
471 3607 521 3668 est
541 3624 690 3686 magnus.
715 3604 754 3668 Et
775 3604 862 3668 misit
886 3604 1077 3668 Michaelem
1102 3604 1281 3686 principem

208 3701 401 3782 angelorum
430 3701 598 3779 Dominus
628 3703 763 3767 dicens:
791 3701 862 3765 Tibi
889 3703 969 3782 diro,
990 3705 1139 3786 princepe
1164 3703 1282 3766 militia

210 3798 353 3880 coelerlia
374 3798 521 3864 docende
541 3802 576 3863 in
586 3808 727 3884 patema,
742 3809 769 3865 et
789 3821 897 3864 rerem
918 3822 1040 3864 seruum
1063 3823 1164 3865 meum
1184 3802 1282 3865 Geor·

205 3899 310 3983 ptura.
329 3898 538 3964 Descendens
561 3904 671 3970 autem
690 3901 835 3983 angelus,
852 3900 979 3983 collegit
1001 3901 1111 3964 omnia
1134 3901 1281 3964 membra

209 3997 283 4079 ejus
298 4000 332 4061 et
353 3995 442 4062 misit
455 3997 605 4063 Salvator
627 4003 814 4063 manumet
837 3999 939 4064 dixit:
965 4000 1043 4081 Ipsa
1068 3998 1195 4062 dextero
1216 4019 1281 4083 qua

201 4096 382 4180 plasmoml
388 4098 534 4180 primum
544 4097 699 4161 hominem
712 4097 830 4180 Adara,
843 4099 912 4181 ipro
925 4104 952 4160 te
963 4099 1128 4160 resuscitet.
1136 4098 1283 4161 Surrexit

210 4195 330 4259 beatus
338 4193 503 4277 Georgius,
515 4199 548 4260 et
563 4197 643 4261 dixit
655 4198 683 4261 ei
697 4197 868 4261 Dominus:
887 4195 982 4277 Vade,
994 4194 1149 4277 confunde
1160 4194 1281 4259 Dacia·

209 4312 302 4371 num,
312 4293 477 4358 inimicum
487 4302 586 4360 lirum.
597 4295 689 4360 Tunc
704 4296 821 4359 beatus
837 4294 993 4376 Georgius
1010 4294 1100 4358 venit
1114 4314 1188 4358 cum
1202 4315 1281 4376 gau·

208 4391 269 4456 dio
290 4410 419 4474 magno,
441 4398 474 4458 et
497 4394 691 4458 exclamavit
706 4394 836 4457 dicens:
852 4393 1007 4474 Dorium,
1028 4391 1083 4455 obi
1101 4399 1173 4456 sunt
1181 4413 1281 4477 perra

208 4491 302 4555 luz?
323 4489 403 4555 Ecce
421 4512 474 4576 ego
497 4493 650 4576 Georgius
668 4491 719 4556 lu’c
736 4513 818 4573 serm,
838 4512 928 4576 quem-
949 4498 983 4553 lu
1001 4493 1036 4554 in
1055 4491 1155 4554 decem
1172 4499 1282 4575 partes

202 4589 354 4674 parties
374 4608 414 4654 cs.
443 4589 533 4654 Venit
554 4590 713 4654 Dominus
728 4611 813 4653 :neue
834 4596 861 4653 et
875 4591 1071 4653 resuscitarit
1084 4610 1141 4653 me.
1161 4590 1281 4654 Videns

206 4691 327 4755 autem
339 4707 416 4752 erun
431 4688 616 4772 imperator,
627 4689 744 4755 timore
756 4688 1009 4774 comprehensus
1021 4692 1079 4768 est,
1091 4691 1123 4753 et
1134 4687 1282 4753 dicebat:
