3248 5392
205 121 297 171 urst.
315 121 396 172 nnc.
415 120 586 172 nnuxem.
607 141 653 150 -
671 120 820 172 arnano.
839 120 885 171 xo
903 122 982 172 con.
1001 110 1038 172 u⁰
1057 120 1180 173 iaco-oa.
1238 100 1309 172 315

179 311 219 382 2⁰
244 311 278 382 A
294 331 368 402 quo
385 317 422 382 et
437 332 628 403 perquam
646 315 683 383 et
699 311 849 402 quando
867 311 1073 404 composita
1090 311 1138 383 sit
1155 309 1310 384 historia

229 432 266 499 et
278 448 389 518 prosa
407 448 490 518 quae
512 424 657 498 canitur
674 426 719 498 de
732 432 863 511 sancto
880 426 1031 499 Nicolao
1046 427 1125 518 (iol.
1141 427 1307 519 63266v).

112 554 259 617 meditatu,
270 559 301 608 ut
310 555 424 608 videtur.
433 555 493 608 vid.
505 555 628 624 Append.

179 658 219 728 3⁰
254 655 463 729 Translatio
501 655 724 730 sanctissimi
767 656 906 730 Nicolai
937 657 1109 751 episcopi,
1143 679 1190 729 vn
1222 658 1308 731 Idus

228 772 313 845 Maii
332 773 409 865 (fol.
429 774 595 870 blf-ttdf).

108 901 237 955 Narratio
263 907 403 957 contracta
426 918 459 956 ex
485 903 539 955 alia
564 902 686 970 longiore
707 919 790 970 quarn
815 902 877 955 vide
899 902 927 954 in
947 902 1070 970 Append.
1091 903 1125 955 ad
1147 903 1307 972 Gatalogum

65 1006 203 1055 nostrum
216 1001 336 1056 Gandav.
349 1002 522 1071 desumptam
533 1017 565 1054 ex
578 1002 760 1065 οο(1.“ὶ89,34ο
772 1002 836 1066 (Ch.
848 1003 1057 1067 Arralect.Boii.,
1070 1007 1137 1055 tom.
1147 1003 1192 1063 ΙΙΙ,
1204 1020 1229 1070 p.
1243 1003 1308 1066 184).

174 1104 214 1174 4⁰
239 1103 431 1176 Lectiones
447 1103 611 1194 legendae
633 1102 693 1174 cui
713 1103 832 1194 placet
854 1103 892 1174 in
918 1103 998 1195 ejus
1016 1125 1122 1175 sacra
1150 1105 1306 1176 transla-

226 1219 325 1291 tione
343 1218 391 1290 ad
403 1217 607 1290 matutinas
625 1218 702 1309 (fol.
723 1219 886 1309 8028th

108 1347 277 1401 Brevissima
289 1347 474 1401 translationis
486 1347 616 1400 narratio.

175 1450 214 1521 5⁰
240 1447 331 1521 Pars
356 1449 620 1520 miraculorum
646 1470 730 1540 quae
748 1447 958 1521 acciderunt
981 1455 1064 1539 post
1094 1449 1305 1522 translatio·

224 1585 309 1636 nem
324 1564 359 1636 S.
379 1563 517 1636 Nicolai
536 1564 581 1636 ad
596 1564 735 1635 Barum
749 1564 826 1655 (fol.
846 1565 1013 1654 Sit-83⁹).

105 1693 203 1762 Neque
232 1694 290 1747 hac
315 1694 447 1748 miracula
475 1694 540 1748 ali'ni
569 1694 641 1747 edita
675 1693 833 1762 reperimus
863 1693 979 1760 ideoque
1003 1694 1153 1763 Appendici
1186 1696 1305 1750 inserere

73 1792 166 1846 visum
186 1799 235 1846 est.

547 1966 837 1975 ——-—-—-—..

385 2198 588 2308 Appendix
612 2197 662 2285 ad
687 2199 767 2285 cod.
797 2199 984 2288 1960-62.

207 2428 245 2471 nu
266 2429 291 2471 s,
313 2428 443 2473 arcoxao
465 2429 607 2473 rrrscoro
629 2430 765 2474 nvanxsx.
788 2409 865 2493 (Cir.
887 2429 959 2491 pag.
982 2430 1088 2492 praec,
1114 2411 1168 2494 1⁰.)

112 2593 140 2650 1.
171 2595 304 2649 Mercator
323 2594 436 2660 quidam
453 2595 585 2649 orationis
606 2601 633 2649 et
654 2596 809 2651 dilectionis
827 2613 910 2650 causa
930 2597 965 2650 ad
983 2598 1069 2651 sancti
1089 2597 1194 2652 Nicolai
1217 2597 1303 2652 eccle-

66 2693 140 2747 siam
159 2693 299 2756 iestinuns‚
318 2692 437 2762 hospitio
460 2692 510 2746 viri
528 2695 671 2762 cujusdam
689 2700 831 2763 susceptus
848 2700 896 2749 est.
915 2694 968 2763 Qui
980 2695 1141 2748 mercatoris
1158 2695 1301 2764 pecuniam

68 2792 181 2845 intuens
201 2796 228 2845 et
247 2791 387 2856 affectans,
407 2797 491 2844 noctu
508 2792 625 2846 surrexit
643 2797 671 2846 et
692 2793 834 2846 hominem
852 2793 971 2861 sopitum
991 2793 1137 2847 crudeliter
1155 2793 1300 2862 jugulavit.

67 2891 177 2944 Dehinc
189 2891 338 2944 innocuum
355 2891 472 2944 cadaver
484 2891 659 2944 membratim
672 2891 765 2944 divisit
776 2896 804 2945 et
816 2892 933 2945 divisum
952 2892 980 2945 in
998 2892 1119 2961 quodam
1137 2893 1210 2946 dolio
1223 2910 1302 2947 occu·

22 3010 49 3059 ,ς
65 2988 118 3043 luit
130 2994 160 3042 et
165 2990 245 3057 juxta
255 2989 451 3043 vescendarum
464 2990 690 3043 consuetudinem
700 2990 822 3043 carnium
834 2989 922 3042 multo
932 2989 988 3042 sale
998 2990 1134 3044 solidavit.
1142 2990 1301 3059 Perpetrato

65 3089 188 3158 denique
198 3094 279 3142 tantae
289 3088 437 3157 impietatis
448 3089 558 3147 scelere.
566 3088 769 3142 crudelissimus
777 3090 877 3158 hospes
887 3090 921 3142 ad
930 3089 1032 3142 lectum
1042 3106 1123 3143 suum
1133 3089 1191 3154 ivit,
1199 3090 1301 3144 dormi·

66 3190 108 3242 vit
120 3193 148 3241 et
157 3189 270 3257 quievit.
282 3188 366 3242 Nocte
378 3188 470 3242 media
479 3187 708 3241 clementissimus
720 3189 861 3241 confessor
870 3188 970 3242 Christi
979 3188 1107 3242 Nicolaus
1117 3188 1182 3242 illud
1193 3190 1301 3243 crudele

65 3292 95 3342 et
112 3286 262 3341 nefandum
275 3287 425 3357 hospitium
445 3287 518 3340 velut
532 3287 751 3356 speciosissimus
769 3287 847 3340 miles
860 3287 963 3355 ingredi
976 3288 1102 3356 dignatus
1114 3293 1155 3341 est
1167 3293 1194 3340 et
1206 3294 1299 3357 aperto

64 3386 143 3441 dolio
155 3386 223 3440 illud
236 3387 413 3441 dilaceratum
423 3391 451 3440 et
463 3386 586 3439 attritum
600 3387 718 3439 cadaver
729 3387 847 3439 extraxit
859 3392 886 3439 et
898 3386 1023 3439 membra
1034 3386 1166 3440 membris
1178 3386 1299 3440 reconci-

10 3498 44 3553 ιο
63 3486 139 3540 lians
148 3491 237 3540 totum
247 3502 346 3554 corpus
358 3485 527 3548 reformavit,
540 3491 567 3539 et
579 3501 690 3554 prorsus
703 3485 778 3539 nulla
790 3491 948 3539 remanente
961 3485 1086 3538 cicatrice
1099 3485 1161 3538 vitae
1173 3485 1299 3540 reddidit

64 3585 146 3639 Tunc
157 3600 285 3638 sermone
296 3584 342 3653 pio
354 3588 537 3638 mercatorem
552 3600 632 3637 sunm
651 3584 786 3637 allocutus
795 3588 823 3636 et
840 3583 1005 3647 consolatus,
1018 3583 1139 3636 hominis
1151 3583 1298 3638 homicidae

62 3686 153 3741 exivit
164 3685 248 3738 domo
259 3689 288 3738 et
298 3701 354 3737 suae
364 3684 541 3738 beatitudinis
554 3685 681 3737 reductus
691 3688 718 3737 et
731 3688 855 3753 receptus
865 3688 906 3737 est
915 3684 1025 3753 palatio.

97 3784 184 3838 Facto
196 3799 278 3837 mane
289 3786 427 3837 mercator
436 3784 554 3837 surrexit
566 3782 719 3844 incolumis,
732 3787 760 3835 et
771 3783 870 3836 domus
880 3783 1023 3836 domiuum
1033 3783 1177 3852 alloquens
1189 3784 1298 3837 etsalu·

62 3888 126 3938 tans
142 3881 290 3937 intermissi
301 3882 425 3936 laborem
438 3883 543 3936 itineris
555 3882 673 3951 arripere
686 3881 826 3950 disposuit.
838 3882 984 3951 ignorabat
1001 3882 1075 3936 enim
1088 3887 1206 3937 mortem
1219 3900 1297 3938 suam

10 4000 40 4049 ιδ
57 3997 145 4050 quam
156 3981 259 4049 hospes
270 3997 336 4034 suus
345 3980 484 4043 intulerat,
493 3985 520 4032 et
528 3980 563 4032 ab
572 3980 648 4033 illata
660 3985 750 4033 morte
760 3980 888 4049 prasenti
901 3979 963 4033 vitae
980 3979 1097 4049 qualiter
1110 3980 1232 4034 redditus
1241 3981 1298 4035 iue-

57 4085 110 4133 rat.
122 4078 200 4132 Tunc
212 4084 338 4146 peccator
354 4084 468 4146 stupens
485 4084 512 4131 et
529 4078 677 4145 admirans,
688 4083 876 4147 perpetratum
894 4078 999 4132 facinus
1019 4078 1120 4132 retexit
1134 4083 1161 4132 et
1180 4079 1298 4148 qualiter

56 4194 124 4233 eum
133 4177 292 4246 jugulasset,
302 4177 473 4246 qualiterque
482 4177 542 4243 ejus
550 4177 675 4231 universa
684 4177 809 4230 membra
819 4177 956 4231 divisisset
965 4177 1088 4231 seriatim
1101 4178 1218 4246 aperuit.
1232 4179 1296 4245 Ego.

57 4279 155 4350 iuquit,
164 4279 487 4344 iemiaeraitdejupulavi,
496 4295 543 4343 eqo
554 4285 601 4329 tua
612 4278 729 4330 rnentbra
743 4279 869 4330 arrircraa
881 4279 970 4341 diuisi,
983 4285 1007 4330 et
1018 4279 1106 4329 divisa
1118 4280 1170 4330 isto
1179 4281 1206 4328 ia
1221 4279 1296 4330 dolio

56 4382 182 4434 scelerate
199 4378 334 4431 omittam.
352 4376 417 4429 Vere
433 4392 551 4442 magnus
567 4378 704 4440 confessor
719 4383 829 4428 aurichio
846 4377 986 4440 Nicotaus,
1003 4379 1052 4444 qni
1069 4383 1116 4428 tua
1134 4378 1250 4429 contrita
1272 4384 1295 4429 et

10 4487 41 4539 io
55 4482 145 4533 diciaci
157 4461 281 4530 membra*
296 4477 472 4542 reformando
488 4477 664 4528 consolidavit
684 4483 707 4528 et
726 4477 909 4542 redintegrata
929 4477 1055 4543 prasenti
1071 4478 1129 4528 vitat
1150 4478 1294 4528 restituere
