3142 5392
182 299 256 372 310
517 320 643 371 curan.
669 320 772 371 cono.
798 320 1075 372 unorooaaemc.

182 514 210 562 et
218 510 304 562 bomo
313 509 437 571 caelestis,
447 511 537 578 imago
547 515 574 562 et
585 510 735 564 similitudo
747 510 863 571 deitatis,
873 509 1043 563 credentium
1056 510 1152 578 gloria,
1163 513 1260 565 amicus
1268 514 1354 581 puriter

181 607 258 668 tium,
270 608 377 674 generis
386 607 428 660 sui
439 608 598 663 advocatus.
609 607 724 660 dilectus
735 612 763 661 et
774 606 945 660 desideratus
956 624 973 658 a
984 608 1114 675 gentibus
1125 608 1293 677 dispersionis,
1300 611 1355 664 busti

181 704 233 757 fuit
243 706 408 769 ludaeorum,
418 706 481 759 odio
490 706 602 759 habitus
613 706 648 758 ab
657 707 798 774 apostatis.
814 705 961 774 dissipator
976 722 1124 776 synagogae
1141 724 1242 769 eorum,
1257 708 1358 762 ediiatu

181 803 355 856 ecclesiarum
370 809 526 858 sanctarum
538 809 566 857 et
578 805 683 858 instans
694 805 722 857 in
734 804 916 858 sollicitudine
928 805 1073 873 spirituali,
1084 811 1193 860 scutum
1204 807 1268 871 fidei,
1276 807 1360 861 nnuc

181 902 289 959 Christi.
301 920 390 970 praeco
400 903 533 972 evangelii
543 904 611 971 ejus,
620 920 651 956 os
664 903 797 970 divinum,
806 903 900 972 lingua
911 903 1062 971 spiritualis
1074 906 1243 959 eructatione
1253 906 1383 964 dirinorm

180 1002 361 1069 eloquiorum,
373 1002 517 1070 inquisitor
528 1003 706 1070 perditorum,
715 1006 792 1070 pater
803 1001 967 1070 pupillorum
980 1006 1009 1056 et
1017 1003 1160 1057 studiosus
1166 1004 1247 1073 judex
1255 1005 1363 1063 riduarun

181 1102 350 1153 confortator
359 1101 501 1163 debilium,
511 1100 643 1154 fortitudo
653 1102 864 1154 confractorum,
872 1101 956 1153 b'aris
965 1106 1063 1154 ornata
1072 1102 1149 1163 ralis,
1159 1104 1363 1172 oppugnansludi·

180 1199 232 1251 bus
245 1199 406 1263 furibundis,
415 1200 560 1253 nauclerus
574 1200 799 1263 iudustrissimus,
818 1200 845 1253 in
863 1199 998 1268 sapientia
1015 1200 1086 1254 bene
1103 1201 1248 1270 disponens
1258 1202 1363 1270 spiritulia

181 1300 283 1361 onuba,
295 1300 443 1352 affectuose
456 1300 625 1361 desiderans,
640 1298 754 1367 diligens
771 1305 872 1367 pastor,
884 1301 1013 1367 magister
1023 1299 1112 1353 dulcis
1124 1306 1152 1353 et
1164 1302 1277 1369 optimus
1285 1307 1308 1354 et
1315 1302 1363 1370 spiri

181 1398 262 1450 tualis
273 1398 377 1451 doctor.
390 1398 440 1450 Hic
452 1403 563 1451 sauctus
575 1397 681 1462 artifex,
693 1398 827 1466 gloriosus
839 1398 1003 1451 architectus
1014 1402 1042 1451 et
1053 1399 1195 1452 studiosus
1207 1401 1281 1469 pugil,
1290 1406 1363 1453 unctu
1372 1408 1389 1456 tl

180 1497 356 1565 dignissimus
369 1503 397 1550 et
405 1497 453 1550 Dei
466 1497 577 1550 factoris
588 1497 699 1565 spiritus
716 1499 744 1550 in
762 1513 859 1550 omues
871 1513 929 1550 nos.
947 1497 1016 1560 Heu,
1029 1497 1113 1551 hodie
1125 1498 1266 1568 dereliquit
1276 1504 1363 1553 nostru

179 1611 263 1663 quam
274 1597 370 1663 inopes
379 1601 407 1648 et
418 1596 552 1663 indignos,
565 1595 592 1647 in
604 1595 657 1648 hoc
670 1596 774 1648 mundo
786 1596 984 1664 contemptibili
997 1601 1023 1649 et
1035 1596 1159 1664 maligno
1171 1602 1199 1651 et
1215 1598 1329 1665 ingressus
1339 1600 1364 1648 at

180 1695 214 1747 ad
228 1695 313 1748 Deum
327 1711 407 1747 suum
420 1699 447 1748 et
458 1695 605 1747 Dominum
616 1698 643 1747 et
654 1695 782 1748 amicum.
797 1695 866 1758 Heu,
878 1695 962 1747 frater
970 1695 1009 1748 mi
1021 1701 1048 1748 et
1058 1696 1159 1749 dilecte
1168 1697 1264 1750 anima
1271 1696 1363 1753 meanti

180 1798 221 1845 est
234 1797 310 1860 pater
322 1797 385 1845 tuus
396 1792 565 1860 spiritualis?
583 1791 655 1845 bone
668 1792 807 1860 discipule,
817 1793 946 1861 magister
956 1798 984 1845 et
992 1798 1102 1846 amator
1110 1795 1195 1848 tuus?
1207 1794 1278 1848 Unde
1287 1794 1362 1848 ulterirr

177 1892 306 1946 salutabit
318 1897 345 1945 te
357 1892 391 1944 de
403 1891 472 1944 mari
482 1896 529 1945 aut
541 1891 574 1944 de
584 1891 668 1953 arida,
678 1892 711 1944 de
724 1891 831 1944 Galatia
840 1897 888 1944 aut
899 1892 1039 1960 Hispania,
1048 1894 1083 1945 ab
1095 1894 1161 1947 Asia
1173 1899 1221 1948 aut
1231 1890 1362 1948 aCorintlu?
1372 1898 1388 1944 u

177 1993 246 2046 Ecce
256 1991 329 2044 enim
342 1991 481 2059 orphanus
491 1991 617 2043 factuses
630 1995 657 2043 et
674 1990 830 2043 remansisti
849 1990 932 2044 solus.
952 1992 1077 2046 Cessarit
1093 1997 1123 2046 et
1140 1999 1325 2047 consummatus
1337 1995 1361 2042 at

177 2107 271 2145 cursus
281 2095 344 2144 tuus
353 2107 435 2159 quem
448 2089 569 2143 faciebas
578 2106 640 2143 cum
652 2089 788 2157 spirituali
799 2094 876 2158 patre
889 2093 945 2153 tuo,
955 2090 1066 2159 quando
1078 2091 1115 2145 ad
1127 2108 1191 2146 eum
1209 2093 1361 2146 festinnsacce

176 2191 268 2244 debas.
286 2191 346 2244 Jam
365 2206 540 2259 nequaquam
558 2190 660 2243 scribet
676 2189 725 2242 tibi
743 2189 857 2243 ulterius
874 2206 959 2243 manu
976 2206 1027 2243 sua
1039 2192 1221 2257 sanctissima,
1232 2189 1361 2245 dicenstibi:

178 2292 189 2315 ⁸
200 2290 251 2344 l'ili
263 2289 417 2352 carissime;
429 2331 440 2353 ,
454 2289 503 2342 sed
515 2305 565 2342 uec
575 2289 609 2342 ad
622 2294 648 2342 te
660 2289 752 2342 mittet
766 2288 879 2342 ulterius
891 2289 1033 2343 vocando:
1053 2292 1064 2314 ⁸
1079 2291 1191 2344 Festina
1202 2292 1287 2345 venire
1296 2290 1321 2343 ad
1330 2304 1361 2340 ue.

175 2390 296 2459 Expecto
309 2391 383 2444 enim
394 2394 420 2443 te
430 2390 524 2443 venire
537 2388 565 2441 in
577 2389 624 2441 tali
638 2388 681 2441 vel
693 2387 741 2441 tali
750 2387 812 2442 loco
824 2389 853 2441 in
862 2390 984 2442 caritate.
997 2431 1008 2452 ,
1199 2367 1202 2370 Α
1371 2386 1388 2434 u

209 2490 231 2543 0
255 2490 405 2555 carissime,
428 2505 462 2542 ex
485 2505 580 2541 amore
602 2487 703 2556 perfeci
725 2488 801 2555 quod
824 2487 956 2556 scripsisti
978 2488 1046 2542 mihi
1066 2495 1093 2541 et
1111 2490 1223 2544 dixisti:
1245 2483 1361 2543 ‘Siaulau

175 2589 222 2642 ubi
243 2593 284 2642 est
309 2589 439 2656 magister
458 2603 545 2649 meus,
568 2585 680 2639 notifica
696 2584 765 2639 milri
785 2591 815 2638 ut
834 2587 933 2639 vadam
954 2587 1104 2652 adeum,
1128 2588 1218 2643 Hodie
1237 2586 1360 2656 completuu

175 2690 217 2739 est
236 2685 310 2754 quod
331 2683 464 2738 Dominus
476 2682 615 2751 discipulis
624 2683 682 2736 suis
691 2681 774 2735 dixit:
789 2685 922 2748 Quoniam
939 2686 1130 2738 ‹tesiderabllia
1143 2704 1196 2754 per
1209 2705 1286 2739 unum
1298 2688 1360 2738 lma

174 2789 265 2839 videre
289 2787 451 2850 inuqiatram
480 2791 596 2835 cestrum
621 2790 644 2833 et
669 2784 780 2834 minime
804 2784 934 2835 videbitis.
961 2783 1008 2835 Vae
1033 2784 1112 2845 mihi,
1139 2786 1224 2838 frater
1248 2783 1361 2839 Tinrothee¹

174 2885 227 2937 hoc
251 2883 351 2937 accidit
373 2883 453 2935 uobis
477 2881 592 2934 tristitiae
618 2885 646 2933 et
669 2880 846 2933 tenebrarum
872 2896 903 2933 ac
931 2881 1033 2945 damni,
1060 2883 1127 2952 quia
1155 2886 1266 2954 orphani
1290 2876 1389 2936 annuli

175 2983 242 3050 Quis
262 2981 338 3035 dabit
359 2980 445 3034 oculis
463 2980 563 3032 nostris
581 2994 666 3046 aquas
684 2983 712 3031 et
731 2978 839 3046 pupillis
862 2979 963 3033 nostris
980 2980 1086 3034 fontem
1103 2981 1313 3039 lacrimarumut
1324 2977 1361 3047 plu

174 3096 266 3134 remus
278 3079 322 3132 die
335 3096 366 3131 ac
384 3083 464 3131 nocte
482 3079 575 3131 lumen
594 3077 776 3130 Ecclesiarum
793 3078 867 3146 quod
887 3078 1038 3131 extinctum
1056 3082 1127 3133 est?
1148 3081 1287 3150 Complica,
1301 3079 1361 3131 faur.

173 3180 259 3234 libros
279 3180 474 3248 prophetarum
496 3182 522 3230 et
542 3177 618 3246 signo
637 3193 693 3238 eus,
716 3176 781 3244 quia
802 3178 941 3230 neminem
965 3178 1100 3231 habemus
1125 3179 1291 3249 interpretem
1312 3186 1362 3245 para·

174 3279 299 3332 bolarum
321 3284 346 3331 et
371 3277 587 3345 paradigmatum
614 3281 642 3329 et
665 3275 838 3343 eloquiorum
863 3276 992 3343 ipsorum,
1019 3282 1046 3330 et
1071 3277 1196 3333 dicamus
1225 3296 1280 3333 cum
1307 3277 1364 3330 lmus

175 3379 308 3448 propheta
320 3397 326 3431 :
340 3380 422 3431 rauco
431 3395 476 3443 eqo
489 3380 517 3429 iu
529 3379 595 3429 locis
607 3379 728 3441 desertis,
740 3384 763 3428 et
773 3380 914 3442 pascimur
923 3378 970 3428 ubi
979 3394 1030 3430 nou
1049 3387 1113 3431 aurat
1128 3397 1242 3447 piacita.
1263 3377 1308 3431 Ubi
1322 3361 1395 3424 sulm

173 3477 384 3530 lamentationes
393 3474 518 3529 leremiae
530 3473 660 3527 dicentis:
673 3476 726 3527 Cor
738 3491 823 3527 meum
841 3477 1028 3528 conturbatum
1041 3485 1078 3529 eat
1091 3480 1239 3544 afflictione
1255 3487 1275 3531 et
1287 3471 1370 3544 gealt*-

173 3584 196 3628 ει
209 3593 260 3629 uon
278 3583 316 3628 eat
333 3576 403 3627 inihi
419 3576 564 3627 corraoluh'u
581 3581 604 3626 et
616 3576 730 3640 requies.
743 3573 789 3625 Vae
801 3573 878 3635 mihi,
891 3577 975 3626 frater
987 3573 1207 3643 Timothee,jaru
1226 3594 1278 3631 non
1287 3564 1375 3629 venienl

174 3674 208 3726 ad
221 3678 247 3726 te
264 3671 385 3741 epistola
398 3672 425 3725 in
443 3672 544 3739 quibus
561 3671 691 3740 scriptum
703 3672 753 3723 sit:
770 3670 892 3723 “Paulus
904 3672 1029 3725 modicus
1038 3689 1135 3726 servus
1147 3675 1212 3728 lesu
1225 3675 1315 3729 Christi
1324 3689 1330 3733 ;
1340 3705 1350 3727 2
1359 3659 1381 3707 ²²

171 3774 228 3840 jam
238 3789 293 3826 non
305 3772 405 3825 scribet
416 3770 531 3825 ulterius
542 3770 706 3829 civitatibus,
718 3769 811 3823 diceus
824 3789 829 3822 :
845 3772 855 3794 “
870 3770 1003 3840 Suscipite
1016 3772 1104 3826 filium
1117 3790 1211 3829 meum
1224 3768 1390 3829 Timotheum

137 3942 140 3947 ἢ
172 3872 333 3936 dilectum,
355 3871 399 3924 Vae
412 3870 489 3933 mihi,
507 3869 598 3932 frater,
611 3886 652 3921 rae
669 3868 747 3922 mihi.
760 3868 826 3934 Quis
846 3886 901 3922 non
920 3871 1143 3925 adducattletum
1162 3878 1190 3927 at
1206 3874 1329 3943 gemitum
1350 3850 1400 3911 ²¹¹²

172 3972 235 4041 quis
252 3988 307 4025 non
317 3971 445 4024 induetur
455 3968 616 4038 lugubribus
628 3974 656 4022 et
667 3974 759 4021 mente
772 3969 905 4022 attonitus
915 3985 971 4022 nou
983 3970 1179 4039 obstupescet?
1191 3972 1303 4027 Ofrater
1312 3952 1403 4026 ruffi

171 4072 241 4125 sime
250 4076 278 4126 et
289 4070 438 4139 spiritualis
446 4071 574 4123 sacerdos
584 4068 685 4122 Christi
695 4074 722 4122 et
731 4069 865 4132 Ecclesiae,
875 4070 989 4122 induere
999 4069 1088 4124 cilicio
1098 4077 1125 4124 et
1134 4071 1263 4137 lamento,
1270 4072 1332 4142 quia
1348 4056 1403 4109 (θ’

171 4166 200 4219 iu
210 4166 299 4219 Rama
307 4165 399 4218 audita
412 4169 461 4228 est,
470 4164 592 4233 ploratus
604 4167 632 4217 et
643 4162 763 4216 ululatus
774 4163 886 4216 multus.
899 4163 953 4216 Nec
966 4169 1073 4217 tantum
1083 4165 1215 4231 ploratus,
1224 4168 1270 4221 sed
1278 4150 1403 4221 durau

170 4264 267 4319 mortis
281 4269 308 4317 et
325 4263 514 4333 orplrauitatis.
531 4263 581 4316 Hae
596 4263 656 4316 dua
674 4261 759 4330 plagae
776 4261 912 4316 terribiles
932 4268 960 4315 et
980 4264 1110 4317 maximia
1132 4266 1213 4320 nobis
1233 4267 1260 4320 in
1279 4283 1329 4320 una
1371 4236 1403 4293 d

169 4365 346 4428 advenerunt,
359 4368 386 4416 et
398 4361 564 4431 completum
575 4364 617 4414 est
628 4360 656 4413 in
666 4360 745 4413 nobis
757 4359 823 4413 illud
835 4360 954 4413 edictum
968 4361 1224 4428 lacobpatriarchae
1236 4334 1403 4427 delosa12¹

168 4464 242 4533 quod
255 4463 344 4517 adhuc
354 4462 475 4531 perditus
485 4466 556 4514 esset
565 4465 593 4514 et
601 4460 713 4513 Simeon
721 4476 778 4513 non
788 4460 895 4514 rediret
903 4461 972 4514 Ecce
984 4461 1057 4515 enim
1067 4462 1173 4529 Petrus,
1185 4449 1403 4519 fundamencfl

168 4563 349 4618 Ecclesiarum
367 4568 394 4615 et
411 4562 496 4631 gloria
508 4559 704 4629 apostolorum,
717 4559 856 4612 necessita
875 4559 955 4613 nobis
973 4565 1000 4613 et
1017 4575 1069 4613 nos
1085 4561 1225 4630 orphanos
1242 4547 1403 4630 dereliq11

167 4660 268 4715 Paulus
279 4677 397 4730 quoque,
409 4659 531 4729 gentium
545 4657 694 4720 familiaris,
706 4656 863 4710 consolator
880 4657 1062 4725 pereuntium,
1075 4659 1176 4714 defecit
1188 4660 1268 4715 nobis
1279 4667 1306 4715 et
1324 4646 1380 4714 ul
1396 4639 1403 4679 ¹
