3142 5392
314 363 387 438 562
649 384 778 438 cirin.
802 384 908 437 cono.
933 382 1216 437 nscioamrmc.

314 573 412 628 saltem
424 575 529 628 moneri
539 590 595 629 non
602 576 616 605 ⁸
628 576 763 630 abnuatis.
771 576 805 630 Et
815 576 881 645 quia
889 592 945 630 non
956 582 998 630 est
1005 577 1090 630 homo
1102 577 1164 631 sine
1174 592 1288 635 somno.
1298 592 1336 630 ne
1346 576 1435 644 aliqum
1445 580 1521 633 simui.

315 671 342 725 id
351 677 393 725 est
404 670 517 740 peccati,
528 676 640 740 torpore
651 672 811 742 grareuiini,
821 689 876 742 qno
885 689 995 742 semper
1003 673 1067 743 vigil
1077 673 1244 738 reddamini,
1252 675 1339 727 etiarn
1349 675 1522 743 quasianrhn

315 785 400 824 manu
412 769 512 838 pulsari
521 775 557 833 et,
566 776 596 824 ut
608 771 646 824 ita
658 772 756 833 dicem,
765 771 885 826 vellicari
894 788 951 826 non
959 772 1106 840 refugietis.
1123 772 1179 826 Nec
1196 772 1275 826 enim
1287 772 1432 826 humilium
1441 779 1465 827 et
1476 774 1524 827 sin·

316 867 425 938 plicium
438 870 543 923 monita
555 869 729 939 despicienda
739 876 811 936 sunt,
822 887 886 924 cum
898 871 971 925 Dens
988 870 1046 940 ipse
1053 871 1152 925 talium
1163 875 1192 925 et
1209 871 1422 926 conversatione
1431 878 1454 926 et
1463 873 1526 927 dero

315 967 390 1022 tione
401 967 550 1022 delectetur
561 973 588 1023 et
600 969 768 1038 propitietur,
777 969 847 1023 sicut
859 970 991 1038 scriptum
1003 974 1045 1023 est
1061 989 1069 1023 ι
1086 971 1161 1024 Deus
1171 988 1236 1025 eum
1254 973 1371 1025 mitibus
1383 974 1498 1039 rodim
1508 974 1547 1026 et

315 1085 375 1121 oum
386 1069 555 1136 simplicibus
565 1071 755 1122 sermocinatio
765 1071 833 1135 ejus.
844 1067 911 1136 Quis
923 1085 989 1138 ergo
1003 1085 1101 1123 sanum
1117 1069 1231 1138 sapiens
1242 1086 1345 1124 eorum
1353 1071 1526 1140 despiciatcon

315 1165 382 1230 silia,
391 1182 454 1219 curn
463 1166 563 1234 quibus
572 1167 770 1220 sermocinatur
782 1167 854 1221 Deus
865 1172 893 1221 et
904 1167 1005 1236 quibus
1016 1167 1119 1221 revelat
1130 1173 1240 1222 secreta
1250 1169 1325 1223 sua?
1337 1169 1526 1224 ldaximeaoten

316 1265 462 1320 verborum
474 1281 522 1320 scu
534 1266 697 1334 scriptorum
706 1282 823 1335 quorum
835 1270 931 1320 auctor
942 1267 1014 1327 estis,
1025 1266 1111 1320 lector
1121 1266 1213 1320 libens
1223 1267 1269 1321 rel
1280 1269 1394 1321 auditor
1403 1269 1527 1323 esssdeln

315 1364 358 1430 tis,
369 1369 397 1419 et
408 1381 469 1434 qure
481 1365 581 1419 nullius
592 1380 675 1419 causa
687 1371 806 1435 questus
817 1371 864 1419 aut
875 1365 1047 1427 adulationis,
1055 1366 1103 1420 sed
1114 1365 1202 1419 solius
1211 1383 1291 1436 puras
1303 1367 1453 1422 ddcctionis
1461 1369 1527 1437 prada

315 1463 499 1532 proferuntur.
515 1464 671 1532 Propterea,
690 1469 719 1518 ut
738 1465 873 1533 praedictis
890 1464 1008 1533 apostoli
1025 1465 1116 1520 verbis
1134 1465 1228 1519 adhuc
1249 1471 1321 1530 utar,
1338 1467 1527 1537 modicumqud
1539 1465 1556 1511 ll

313 1561 473 1616 sustinendo
491 1561 675 1630 insipientiam
693 1578 793 1624 mesra,
810 1567 971 1631 supportate
987 1579 1040 1624 me,
1051 1563 1117 1632 quin
1133 1568 1165 1616 ut
1176 1564 1260 1618 vobis
1276 1565 1427 1619 scriberem
1441 1572 1466 1619 et
1478 1566 1527 1619 scri·

312 1657 403 1711 hendo
418 1657 550 1725 iusipiens
562 1659 657 1713 flerem
669 1675 719 1712 ros
731 1659 871 1728 coegistis;
884 1664 911 1713 et
923 1659 986 1714 ideo
995 1675 1052 1713 non
1060 1676 1111 1729 pro
1120 1662 1344 1731 presumptione
1353 1662 1527 1731 redmmdu·

312 1772 382 1819 snm,
394 1757 442 1811 sed
454 1772 504 1825 pro
516 1757 662 1812 devotione
671 1762 699 1811 et
710 1758 808 1812 merito
821 1758 985 1812 obedientie
994 1758 1192 1827 suscipiendus.

354 1852 389 1911 2.
413 1854 466 1909 Sed
484 1853 550 1924 qnia
561 1853 736 1921 quibusdam,
748 1858 776 1907 et
792 1852 914 1906 maxime
930 1852 1076 1921 occupatis,
1088 1869 1174 1921 parra
1191 1854 1399 1922 preteritorum
1406 1870 1526 1911 menone,

312 1952 383 2006 torte
395 1956 422 2007 et
434 1964 589 2004 voscorum
599 1964 661 2017 qne
673 1948 734 2002 dico
748 1947 902 2011 immemor,
914 1946 1036 2016 quaeritis
1047 1946 1160 2016 qanndo
1171 1946 1216 2000 rel
1229 1947 1279 2001 ubi
1288 1949 1327 2002 ad
1339 1950 1409 2003 hanc
1416 1949 1524 2003 scribendi
1536 1955 1553 2001 tt

313 2049 446 2105 merobis
455 2047 639 2117 insipientium
648 2047 808 2116 coegeritis?
818 2045 1052 2100 Rememoramini
1062 2044 1191 2113 pristinos
1200 2046 1270 2111 dies,
1279 2046 1309 2101 in
1316 2048 1415 2117 quibus
1422 2064 1523 2117 nramm

313 2151 453 2202 certamen
461 2145 627 2201 sustinuistis
639 2143 856 2209 tribulationum,
865 2148 893 2197 et
905 2160 949 2197 me
961 2159 1016 2197 non
1028 2142 1168 2197 somniare
1180 2142 1235 2197 ista
1246 2144 1367 2200 dicendo
1378 2144 1524 2215 coquoscdis

314 2246 384 2301 Cum
396 2245 469 2300 enim
483 2244 694 2313 persecutiones,
703 2259 772 2312 quas
784 2260 833 2312 pro
843 2242 965 2297 veritatis
974 2241 1133 2297 defensione
1141 2247 1169 2296 et
1178 2258 1230 2310 pro
1240 2244 1347 2298 tuendo
1355 2250 1450 2298 sancta
1457 2243 1523 2299 little

313 2345 361 2400 sia
370 2345 432 2414 jure
441 2345 543 2399 inultas
555 2343 711 2412 pertulistis,
724 2343 896 2405 declinando,
907 2342 941 2396 ad
954 2341 1142 2395 villariensem
1151 2341 1297 2396 abbatiam
1309 2343 1522 2402 venissetisetnc

314 2445 352 2499 ibi
364 2442 544 2507 invenissetis,
554 2460 616 2497 cum
627 2459 675 2511 per
687 2443 838 2496 monachos
850 2458 896 2495 me
906 2441 1054 2510 aliquando
1064 2439 1183 2494 Turonis
1194 2457 1230 2495 ex
1240 2441 1551 2510 devotionesepulcrmlt

315 2544 388 2598 beati
400 2544 509 2598 Martini
521 2542 629 2611 patroni
639 2541 722 2595 vestri
735 2541 859 2595 visitasse
870 2540 1032 2609 etquaedanr
1046 2539 1108 2593 latta
1116 2545 1143 2593 et
1154 2539 1289 2608 preclara
1298 2542 1334 2595 de
1345 2543 1404 2609 ipso
1412 2540 1522 2595 miracul

314 2658 376 2712 quas
394 2642 422 2695 in
441 2641 551 2710 regione
569 2642 621 2695 hac
641 2657 697 2696 non
714 2640 889 2704 haberentur,
899 2655 1007 2693 mecum
1019 2638 1141 2693 attulisse
1159 2640 1362 2708 percepissetis
1379 2642 1522 2694 terrenteret

316 2741 448 2795 instanter
459 2739 592 2808 quaesistis
604 2756 730 2808 quaenarn
743 2739 788 2793 illu
800 2743 899 2792 essent.
910 2737 1051 2806 Respondi
1062 2737 1139 2791 robis
1152 2754 1197 2791 me
1216 2738 1252 2802 (si
1263 2738 1337 2793 bene
1348 2738 1463 2802 meminit
1472 2742 1521 2790 atta·

315 2839 378 2893 lisso
390 2839 533 2893 historiam
548 2856 564 2893 a
578 2843 673 2892 sancto
687 2839 793 2903 Odone,
811 2837 900 2905 primo
912 2836 1131 2890 cluniacensium
1145 2836 1256 2900 abbate,
1267 2839 1304 2891 ad
1323 2838 1470 2899 Fulconem,
1480 2834 1522 2889 reli

315 2940 422 3007 pinsum
443 2945 470 2992 et
487 2938 699 2992 illustrissimum
718 2938 928 3005 Andegarorum
949 2935 1087 3001 comitem,
1105 2935 1325 2991 luculentissime
1344 2937 1504 3005 conscriptam
1517 2936 1553 2984 :st

315 3038 455 3107 quomodo
469 3038 595 3093 videlicet
612 3037 827 3091 sacratissimum
840 3036 906 3102 ejus,
924 3035 951 3089 id
969 3039 1010 3088 est
1027 3034 1178 3089 beatissimi
1195 3035 1314 3099 Martini,
1326 3053 1423 3106 corpus
1438 3040 1523 3105 propter

315 3134 497 3197 Nonrrannos,
509 3151 572 3189 curn
585 3136 675 3189 adhuc
688 3134 786 3203 pagani
799 3138 897 3196 essent,
916 3132 1085 3186 incursantes
1103 3137 1130 3186 et
1142 3133 1317 3187 destruentes
1329 3133 1426 3203 oppida
1441 3138 1464 3186 et
1477 3131 1523 3185 ciri·

316 3235 386 3284 tates
395 3231 524 3296 Francire,
537 3232 565 3285 in
578 3231 763 3300 Burgundioni
775 3231 819 3296 (ad
832 3229 984 3284 honorilice
994 3229 1138 3296 tuendum)
1148 3246 1164 3282 a
1176 3231 1332 3289 monachis.
1342 3232 1440 3285 clericis
1447 3238 1471 3285 et
1477 3229 1523 3283 ciri·

316 3330 367 3382 hus
384 3330 527 3383 Turonicis
540 3330 664 3384 dolenter
676 3329 787 3399 quidem
800 3330 848 3383 sed
866 3328 982 3398 gloriose
999 3327 1119 3383 delatum
1138 3329 1182 3393 sit,
1194 3334 1356 3399 quantoque
1373 3336 1485 3398 tempore
1498 3328 1523 3380 ili

316 3429 456 3482 detentum
470 3434 496 3482 et
507 3430 648 3498 utromodo
661 3429 779 3483 Turonis
797 3429 927 3490 relatn1n;
940 3429 1104 3496 quantisque
1121 3432 1149 3480 et
1166 3432 1283 3482 eotenus
1302 3430 1405 3484 mundo
1420 3426 1554 3483 inanditislt

317 3527 513 3582 miraculorum
526 3529 609 3598 signis
622 3529 753 3582 ineundo
766 3533 792 3582 et
806 3528 945 3581 redeundo
957 3533 984 3580 et
998 3526 1051 3580 illic
1064 3527 1199 3581 morando
1211 3527 1345 3582 floruerit

357 3627 391 3685 3.
416 3626 507 3680 lletuli
520 3626 602 3680 etiarn
613 3643 657 3680 me
669 3631 696 3680 et
705 3625 758 3679 alin
771 3625 888 3694 plurima
901 3625 1022 3693 ejusdem
1037 3623 1143 3692 patroni
1154 3625 1293 3694 magnalia
1303 3627 1331 3680 in
1343 3626 1450 3680 dirersis
1461 3625 1522 3677 histo

316 3724 361 3777 riis
371 3729 398 3778 et
407 3722 543 3777 chronicis
554 3727 662 3790 repertu
675 3720 712 3773 ihi
722 3724 747 3773 et
761 3725 888 3788 excerpta
898 3737 915 3773 n
925 3737 968 3773 me
978 3736 1086 3774 mecum
1097 3719 1264 3788 deportasse,
1272 3721 1322 3774 sed
1332 3720 1522 3785 eatenmdsjm-

316 3827 360 3875 ctu
372 3822 452 3887 (sicut
464 3838 495 3874 en
510 3820 610 3888 passim
622 3821 822 3887 excerpserant)
835 3834 960 3880 rrinnerc;
970 3819 1017 3872 sed
1027 3816 1097 3871 velle
1107 3834 1160 3879 me,
1170 3818 1286 3885 jurante
1295 3820 1420 3883 Domino,
1426 3835 1479 3872 cunr
1488 3815 1522 3869 otii

317 3920 505 3990 opportunitas
516 3936 546 3972 se
555 3920 673 3983 offerret,
684 3919 711 3972 in
722 3934 821 3986 corpus
830 3933 925 3980 unum,
934 3934 989 3986 quo
1003 3933 1111 3985 possem
1124 3916 1196 3977 stilo,
1206 3919 1398 3988 compingere,
1409 3917 1522 3988 quomo.
1533 3916 1552 3965 n

316 4019 337 4072 si
351 4024 493 4087 compacto
506 4022 597 4071 essent
608 4022 634 4070 et
644 4018 778 4081 ordinata,
788 4016 853 4069 utile
865 4033 897 4069 ac
909 4021 1016 4084 gratum
1035 4016 1069 4069 de
1086 4016 1130 4070 his
1147 4021 1240 4084 posset
1257 4017 1356 4071 confici
1366 4017 1467 4071 lecturis
1474 4029 1521 4082 opu·

316 4118 559 4184 scutumcimque
569 4119 622 4170 isto
631 4116 813 4170 intentissime
822 4111 1521 4183 auscultaretis,ditigentiabenignitatisvestminqui-

316 4214 379 4268 sirit
391 4220 482 4269 ulrum
493 4213 634 4282 exemplar
643 4213 765 4267 historin
775 4212 849 4267 illius
859 4212 886 4265 in
898 4217 1028 4281 promptu
1040 4211 1181 4271 haberem,
1191 4211 1325 4279 quatinus
1333 4230 1393 4266 eam
1405 4218 1447 4265 ant
1455 4210 1520 4277 legen

316 4320 364 4367 nut
373 4313 467 4368 andire
475 4313 598 4381 possetis.
606 4313 730 4380 Cumque
739 4311 941 4379 respondissem
951 4327 995 4363 me.
1004 4310 1079 4363 illam
1087 4311 1115 4364 in
1123 4310 1315 4377 presentinon
1323 4304 1518 4376 haberemque!

315 4430 363 4480 pcr
372 4412 479 4466 dircrsu
492 4413 527 4466 nd
540 4411 776 4465 transcribendum
789 4410 850 4464 loca
862 4414 1011 4477 raperetur,
1019 4409 1132 4477 jamque
1144 4408 1249 4471 Leodii,
1259 4409 1379 4463 Coronis
1387 4413 1412 4461 et
1420 4401 1545 4461 turono

315 4512 343 4565 in
356 4511 475 4566 ecclesiis
494 4512 578 4580 ipsius
595 4510 681 4564 sancti
700 4509 806 4563 ldnrtini
825 4508 988 4576 transcripta
1000 4507 1157 4573 haberetur,
1169 4507 1287 4576 rogastis
1296 4514 1324 4560 ut
1334 4505 1455 4576 quidquid
1462 4504 1515 4556 dcet

316 4612 474 4664 nientoriler
486 4616 617 4671 tenerem,
627 4609 706 4663 vobis
716 4609 799 4662 latine
812 4607 887 4676 (quia
899 4622 1013 4660 romane
1026 4622 1081 4659 non
1094 4605 1292 4675 intelligeretis)
1304 4596 1514 4660 reterrernsnni

315 4708 393 4762 rctnli
407 4729 412 4761 :
426 4714 450 4763 ot
462 4726 519 4774 roe,
531 4710 566 4763 ad
577 4709 684 4775 sinqula
693 4724 841 4775 suspensus
854 4711 880 4760 et
890 4722 945 4775 prce
958 4704 1141 4761 admiratione
1149 4709 1289 4774 gestorum
1299 4704 1461 4759 exhilaratus.
1467 4694 1512 4768 peti
