3142 5392
175 311 249 383 tea
513 335 638 389 caran.
665 338 768 391 cono.
795 339 1073 393 unorocnaeurc.

221 521 275 580 18.
300 523 480 577 Considerans
492 525 603 577 tandem
615 527 658 578 rir
670 526 753 578 durus
764 525 877 594 stirpem
894 527 996 594 regiam
1016 528 1191 584 teneritudini
1201 533 1301 602 abaliquo
1310 552 1344 590 su

176 635 232 673 non
249 636 366 688 parcere,
382 620 503 688 eorporis
515 620 556 673 sui
576 621 702 674 decorem
715 621 885 690 gloriamque
896 623 981 677 seculi
993 640 1043 692 pro
1063 625 1121 679 Deo
1133 626 1284 695 vilipendere,
1295 632 1345 685 saluti

176 734 232 771 suae
244 723 271 770 el
283 718 406 771 omnium
419 718 541 786 perrigili
554 719 707 771 constantia
719 718 842 772 insistere
854 725 937 788 atque
950 721 978 773 in
990 722 1096 775 cunctis
1108 723 1187 776 benis
1198 725 1346 781 relutbrnnet

176 816 317 871 immobile
335 834 394 884 erus
411 817 581 885 propesitum
599 833 758 885 permanere
777 818 795 882 ¹,
813 819 905 872 divino
924 825 993 873 nutu
1010 828 1158 886 correctus,
1173 824 1206 876 ad
1220 841 1347 896 quacumqu

176 932 255 984 agere
273 916 383 970 volebat
394 916 503 984 plenam
515 916 541 968 el
559 915 655 968 tribuit
667 916 825 970 facultatem
838 923 865 970 et
876 918 1040 983 libertatem,
1050 921 1128 973 salro
1140 927 1229 976 tamen
1238 924 1306 977 adhuc
1312 927 1365 993 irrep

175 1015 295 1068 maritali
305 1035 311 1068 ε
321 1020 418 1083 optans
427 1021 454 1068 et
467 1015 523 1083 ipse
532 1016 704 1082 pergratiam
717 1015 765 1067 Dei
777 1015 962 1085 meritumque
975 1034 1128 1072 consensus
1139 1019 1292 1076 suiomuium
1300 1026 1348 1093 parti

176 1130 239 1182 ceps
250 1114 355 1167 haberi.
369 1115 494 1182 Denique
506 1115 575 1167 adeo
591 1115 647 1181 ipse
660 1113 740 1167 bouis
756 1115 883 1183 operibus
899 1116 958 1183 ejus
969 1118 1187 1186 congratulando
1198 1123 1349 1190 cooperabatr,

176 1219 214 1276 ut,
232 1232 293 1267 cum
313 1214 337 1267 ei
350 1214 494 1283 propinqui
508 1213 643 1282 amicique
655 1220 683 1266 et
700 1214 848 1268 familiares
861 1221 917 1269 tam
935 1222 1029 1285 aperte
1047 1235 1133 1286 quam
1151 1220 1250 1275 occulte
1263 1223 1348 1276 marm·

176 1318 276 1376 rentur,
289 1319 371 1381 atque
384 1313 429 1366 alii
442 1312 577 1365 seculares
589 1312 763 1381 obloquendo
780 1330 862 1382 super
878 1331 910 1368 ea
928 1316 1114 1381 detraherent,
1126 1318 1183 1388 ipse
1194 1321 1349 1390 patienterua

175 1413 301 1465 tumelias
314 1417 341 1464 et
359 1411 504 1480 opprobria
516 1411 663 1463 sustineret
669 1431 676 1474 ;
694 1427 742 1463 nec
762 1412 788 1464 in
807 1411 898 1480 aliquo
916 1430 1080 1469 consensum
1099 1433 1181 1471 suurn
1201 1436 1217 1472 a
1235 1420 1382 1488 profectibutr'

175 1517 275 1564 sanctae
287 1510 409 1564 mulieris
422 1509 586 1563 retrahebat.
598 1510 739 1564 Interdum
752 1515 845 1563 tamen
857 1511 998 1566 afflictioni
1014 1515 1075 1580 ejus
1088 1517 1290 1586 compatiens,de
1302 1526 1349 1572 unde

175 1610 210 1663 ad
227 1610 363 1678 peculiare
381 1615 408 1662 et
425 1615 586 1662 consuetum
600 1608 695 1661 orandi
705 1610 825 1663 studium
839 1616 993 1678 surgentem
1006 1613 1178 1682 aliquamdiu
1189 1616 1348 1679 manutenebat

175 1724 210 1762 ne
225 1708 333 1775 longius
350 1725 366 1760 a
383 1706 563 1760 substratorio
581 1706 644 1759 lecti
661 1707 810 1760 abscedens
822 1709 972 1762 secundum
985 1713 1212 1767 consuetudinem
1223 1732 1287 1768 suan
1300 1716 1349 1769 dni

173 1824 203 1861 se
225 1807 363 1874 allligeret.
390 1805 556 1873 Frequenter
581 1805 663 1858 etiam
687 1804 714 1856 in
738 1805 796 1872 ipso
819 1805 1000 1860 substratorio
1023 1807 1057 1861 de
1077 1811 1200 1864 maxima
1217 1819 1281 1882 parte
1296 1814 1349 1868 nuli

173 1906 339 1974 quiescebat,
352 1905 420 1959 nibil
432 1906 503 1958 inter
514 1922 543 1957 se
553 1910 580 1958 et
592 1909 692 1957 terram
706 1906 758 1958 nisi
771 1904 860 1974 ipsum
873 1910 994 1975 tapetum
1006 1895 1159 1976 possidens.
1172 1911 1283 1966 Habebat
1291 1917 1373 1971 artent

173 1984 201 2059 et
209 2006 342 2074 quasdam
352 2005 456 2074 puellas
465 2006 614 2058 secundum
625 2021 672 2057 cor
680 2020 770 2067 suum,
780 2005 807 2057 in
818 2006 921 2059 cunctis
933 2009 1064 2075 operibus
1075 2010 1213 2079 religionis
1223 2029 1270 2065 sua
1279 2011 1346 2065 altalo

173 2105 302 2158 lescentia
312 2121 362 2157 sua
372 2104 424 2157 sibi
434 2105 532 2157 derote
544 2103 746 2156 consentientes
758 2107 786 2156 et
794 2105 993 2173 obsequentes:
1005 2123 1075 2174 quae,
1085 2108 1225 2164 dominam
1233 2110 1347 2173 sumar

172 2210 250 2259 erant
262 2205 297 2257 ab
315 2220 348 2256 ea
365 2204 476 2266 edoclae,
487 2203 521 2256 ad
540 2202 687 2257 imniliares
700 2203 751 2256 sibi
764 2204 902 2257 orationes
914 2210 941 2258 et
952 2207 1148 2262 meditationes
1159 2210 1347 2279 temperiusnoclt

172 2303 291 2357 excitare
309 2302 438 2360 volentes.
457 2303 491 2354 de
504 2301 607 2354 incuria
625 2301 767 2355 dominum
781 2319 861 2356 suum
880 2303 1042 2359 excitarunt.
1054 2306 1144 2373 Quod,
1161 2309 1231 2362 sieut
1243 2315 1266 2363 el
1278 2308 1347 2367 sinilia

173 2408 389 2462 relutbonorum
397 2407 456 2473 ejus
463 2405 718 2472 amator,inmagna
727 2406 937 2459 mansuetudine
944 2407 1105 2462 sustinebat.
1113 2409 1195 2464 Omni
1204 2409 1374 2464 noeumane!

170 2507 279 2561 silentio
289 2521 449 2570 consurgere
461 2504 542 2557 solita
554 2508 612 2556 erat
625 2520 759 2571 purasque
773 2520 871 2556 uranus
884 2504 911 2556 in
924 2504 1049 2559 oratione
1058 2508 1095 2560 ad
1108 2508 1194 2562 Deum
1207 2509 1290 2573 leram,
1299 2513 1348 2575 altu

85 2651 89 2662 .
170 2612 234 2661 ante
244 2611 419 2675 conspectum
431 2605 539 2659 Domini
553 2605 601 2657 Dei
610 2606 651 2658 sui
665 2623 801 2660 corsuum
812 2608 882 2661 sicut
894 2626 994 2677 aquam
1007 2611 1174 2666 effundendo
1183 2614 1286 2682 seipsam
1295 2611 1348 2663 inter

171 2705 276 2757 tissima
285 2705 431 2757 devotione
441 2704 452 2736 ²
463 2704 489 2756 in
500 2705 710 2771 compunctione
718 2705 818 2757 mentis
826 2711 955 2760 mactare.

215 2803 271 2861 19.
291 2803 424 2855 Praeterea
438 2802 477 2854 rir
494 2802 609 2855 infidelis
625 2819 673 2870 per
685 2804 826 2856 mulierem
845 2804 952 2858 lidelem
971 2806 1165 2871 sanctificatus,
1178 2808 1205 2862 in
1216 2814 1349 2862 tantuma

171 2902 317 2969 perabntur
330 2899 408 2952 bonis
421 2897 548 2966 operibus
561 2897 620 2964 ejus
632 2903 659 2950 et
671 2899 859 2965 congaudebat
871 2900 891 2962 ³,
905 2905 942 2964 ut,
955 2900 978 2952 si
992 2902 1127 2956 tumultus
1139 2921 1257 2958 curarum
1268 2910 1289 2957 et
1298 2896 1376 2968 negt!

172 3000 271 3053 tiorum
284 2998 446 3052 secularium
461 2998 658 3065 importunitas
671 2998 770 3065 quibus
783 2998 909 3051 detentus
921 2999 1032 3053 difficile
1045 3007 1104 3054 erat
1116 3008 1224 3071 repente
1235 3002 1348 3055 ralelreert

171 3116 225 3151 non
244 3099 428 3167 impedissent,
441 3104 467 3150 et
480 3097 536 3165 ipse
554 3098 646 3150 animo
664 3098 744 3151 saluti
762 3116 817 3151 suae
836 3101 979 3153 intendens
998 3101 1098 3154 dirime
1110 3119 1140 3155 sc
1152 3097 1350 3169 vocationipaitu

171 3215 233 3251 cum
246 3198 302 3266 ipsa
315 3198 493 3265 subjugasset.
503 3197 536 3248 Et
547 3195 611 3249 lieet
620 3197 647 3249 in
660 3197 825 3264 vituperium
835 3198 919 3266 ipsius
928 3215 1025 3253 omnes
1034 3200 1219 3255 acclamarent
1227 3201 1350 3270 dignamur

170 3297 299 3350 secularis
309 3298 422 3350 honoris
431 3296 474 3349 cui
485 3296 649 3348 hereditario
658 3297 828 3363 praesidebat,
838 3299 945 3365 penitus
955 3305 1126 3367 repugnaret,
1136 3301 1285 3355 Ludorricus
1292 3306 1350 3351 batt

170 3412 186 3446 a
205 3396 278 3447 bono
296 3395 432 3462 proposito
451 3411 508 3456 suo,
521 3394 665 3447 sedulitate
677 3403 777 3449 sanctae
795 3397 916 3450 mulieris
928 3398 1086 3462 informato,
1104 3385 1378 3453 nullatenustlertelrt‘³

170 3498 221 3546 tur,
235 3495 302 3545 Cum
316 3493 396 3545 ctiam
412 3492 469 3560 ipsa
481 3493 514 3545 de
526 3493 656 3545 mandato
669 3495 791 3561 magistri
804 3495 928 3556 Conradi,
945 3499 996 3553 cui.
1010 3498 1044 3550 de
1060 3514 1195 3551 consensu
1207 3496 1292 3556 mariti,
1303 3490 1350 3546 salto

168 3596 228 3661 jure
241 3593 358 3646 nmritali
371 3592 555 3645 obedientiam
568 3593 738 3660 promiserat,
752 3593 886 3646 inmensa
900 3595 949 3647 riri
963 3613 979 3647 a
991 3595 1104 3650 cibariis
1121 3598 1189 3664 ejus,
1209 3586 1350 3664 relinquenti

171 3694 319 3746 immundis
332 3698 358 3745 et
370 3693 571 3749 communibus.
581 3693 703 3760 quotidie
713 3709 742 3745 se
755 3694 902 3757 abstinens,
912 3694 1033 3762 pultibus
1043 3699 1070 3747 et
1083 3695 1224 3749 vilioribus
1232 3688 1352 3763 quibusdan

170 3794 212 3846 rix
226 3794 258 3844 ad
272 3792 463 3845 sul'licientiam
478 3792 639 3853 reticeretur,
648 3791 701 3852 illc,
712 3792 775 3844 lorti
785 3793 878 3846 animo
891 3792 1082 3846 inmutatione
1095 3791 1354 3856 dextrae‘Excelsipcr·

168 3911 305 3950 severana.
321 3894 401 3946 nullis
414 3894 555 3946 curialium
569 3893 803 3958 oblatrationibus
816 3896 855 3948 uti
867 3896 961 3949 talium
980 3896 1066 3948 moris
1084 3901 1134 3957 est,
1151 3878 1381 3951 movebamini

169 3995 269 4047 affectu
281 3993 433 4046 seinvicem
446 3992 586 4060 diligentes
599 3997 624 4044 et
634 3993 668 4045 ad
680 3992 789 4046 laudem
802 3999 884 4061 atque
899 3994 1042 4048 servitium
1056 3995 1104 4048 Dei
1121 3996 1236 4050 dulciter
1251 3995 1360 4049 inritare
1402 4038 1405 4065 1

169 4098 196 4144 et
205 4094 398 4154 confortantes,
406 4091 531 4159 quatiaris
540 4090 597 4159 ipse
607 4092 677 4143 circa
688 4092 847 4160 temporalia
857 4092 962 4145 ratione
972 4110 1084 4146 suorum
1097 4094 1291 4164 principatuum
1300 4104 1362 4146 near

169 4192 240 4243 sario
254 4192 413 4244 intenderet.
427 4191 452 4242 in
468 4196 572 4242 secreto
586 4195 677 4242 tanren
689 4191 813 4243 timorem
828 4191 876 4243 Dei
888 4192 994 4244 babens
1006 4208 1062 4258 prae
1074 4193 1172 4258 oculis,
1182 4195 1217 4248 ad
1234 4195 1368 4261 omniaque

169 4290 202 4342 ad
216 4291 337 4343 dirinurn
351 4294 474 4357 spectant
491 4289 624 4341 bonorem
644 4289 731 4341 beatae
744 4288 881 4341 Elizabetb
894 4289 1017 4355 liberam,
1031 4295 1061 4342 ut
1078 4291 1185 4346 dictum
1205 4301 1254 4356 est,
1265 4290 1373 4346 concesnl

170 4389 333 4441 facultatem.
347 4388 398 4453 Qui
411 4389 522 4440 tandem
535 4389 568 4439 de
581 4387 693 4440 consilio
706 4393 733 4440 et
744 4403 879 4440 consensu
892 4387 988 4453 beatae,
998 4388 1063 4455 quia
1080 4406 1131 4457 pro
1148 4398 1217 4447 roto
1229 4395 1257 4446 in
1268 4381 1405 4447 temmll

202 4617 210 4648 ¹
225 4616 502 4683 (atque-permanere)
515 4617 576 4667 odd.
590 4634 622 4666 ex
634 4618 665 4674 ὼ
684 4618 752 4668 deret
770 4619 800 4668 in
814 4618 834 4669 l.
850 4645 879 4651 —
896 4615 982 4667 ⁹odd.
996 4633 1030 4668 ex
1041 4616 1057 4668 l
1066 4636 1073 4678 ;
1087 4620 1160 4673 deest
1175 4626 1205 4674 in
1222 4626 1244 4676 l.
1260 4653 1287 4662 —
1299 4626 1311 4659 ²
1322 4625 1388 4679 ital.

167 4699 303 4766 gaudebat
314 4700 335 4750 l.
346 4729 374 4736 —
388 4699 400 4731 ⁴
413 4701 450 4750 itu
460 4699 536 4750 ambo
548 4699 621 4750 codd.
631 4701 780 4765 perspicue.
