3142 5392
139 248 212 323 566
475 270 602 324 CATAL.
628 271 732 326 CODD.
757 271 1035 324 HAGIOGRAPHIC.

140 461 207 515 tlore
218 452 363 530 perornati,
374 461 431 515 lieo
443 462 612 516 incrementa
621 466 727 532 tragum
735 463 847 531 justitiae
858 464 917 533 eJus
925 463 1017 528 dante,
1029 464 1234 533 locupletiorem
1244 470 1269 519 et
1281 466 1339 520 loru·

140 557 283 612 lentiorem
296 559 426 614 extitisse.

181 655 215 715 8.
240 656 289 710 Cui
300 657 403 711 scilicet
419 657 510 712 libello
522 663 549 711 et
565 658 676 712 alium*
693 659 727 712 de
745 659 951 714 veneratoribus
969 660 1094 728 ejusdem
1114 659 1186 713 beati
1202 659 1296 714 llartiui
1309 662 1342 723 lad

138 757 267 811 enuidem
284 755 443 824 episcopum
466 756 597 821 scribens)
618 755 713 824 adJ‘eci,
734 755 871 810 insinuare
892 756 1045 825 legentibus
1066 755 1111 809 rel
1131 755 1293 809 audientibus
1306 756 1344 809 isa

140 855 241 919 volone,
252 859 354 923 quanta
371 854 516 908 dilectione
533 859 560 907 et
571 854 725 908 reverentia
735 854 841 923 antiqui
852 855 982 908 eumdem
1000 854 1092 922 ipsum
1110 859 1233 908 sanctum
1244 854 1366 918 ticinen-5

138 955 269 1008 fossorem
281 953 464 1007 excoluerint:
476 952 504 1006 hi
517 954 619 1008 scilicet
628 953 676 1022 qui
687 960 745 1008 tam
757 954 922 1023 multiplices
935 971 984 1023 per
994 959 1087 1008 totum
1096 955 1177 1023 longe
1189 959 1215 1007 et
1228 955 1277 1008 late
1287 972 1347 1009 mnu

137 1055 203 1107 dum
218 1052 345 1107 ecclesias
357 1053 408 1106 sub
424 1053 482 1121 ejus
500 1054 607 1107 bonore
618 1058 644 1106 et
657 1053 770 1107 nomine
782 1058 969 1115 extruxerunt,
982 1053 1164 1108 nihilominus
1182 1058 1209 1107 et
1221 1053 1256 1106 illi
1274 1054 1347 1122 quide

138 1156 197 1223 ejus
215 1154 270 1207 rita
287 1153 329 1207 vel
348 1153 556 1207 conversatione
573 1157 655 1222 atque
674 1152 811 1207 miraculis
829 1157 870 1206 tot
886 1153 1029 1207 volumina
1041 1154 1269 1222 conscripserunt,
1284 1160 1308 1207 ut
1322 1155 1348 1207 de

138 1253 213 1306 nullo
224 1252 278 1305 alio
295 1251 418 1321 quolibet
429 1256 523 1305 sancto
537 1256 613 1305 tanta
625 1252 795 1320 reperiantur
807 1251 907 1320 scripta
918 1267 1008 1320 neque
1027 1257 1068 1305 tot
1086 1253 1242 1307 habeantur
1251 1253 1350 1306 ecclesie

137 1369 186 1406 seu
205 1352 378 1413 monasteria,
390 1356 487 1420 praetcr
503 1351 590 1404 solam
602 1351 652 1405 Dei
663 1351 821 1421 genitricem
833 1351 947 1405 llariam
966 1356 993 1404 et
1011 1352 1200 1420 apostolorum
1215 1353 1350 1420 principem.
1362 1364 1381 1411 tt

139 1453 257 1515 Petrum,
265 1451 325 1505 oceli
337 1451 511 1519 clavigerum.
521 1451 552 1504 ln
564 1468 619 1519 quo
629 1450 732 1504 scilicet
744 1451 876 1519 opusculo
888 1450 972 1504 etiarn
983 1450 1049 1503 illud
1061 1451 1213 1504 utanitestrs
1222 1452 1351 1505 declaratur

139 1555 167 1604 ct
185 1549 381 1618 comprobatur
400 1549 541 1618 exemplis,
561 1548 678 1602 aliorum
698 1553 854 1602 sauctorum
876 1549 1016 1602 neminem
1036 1549 1062 1603 in
1080 1551 1158 1604 omni
1171 1550 1351 1618 opportunitate

139 1648 300 1717 promptius,
311 1648 435 1712 alacrius
453 1648 572 1712 uberius
584 1648 723 1702 liberalius
740 1649 797 1702 suis
808 1648 950 1717 suffragari
964 1648 1174 1702 veneratoribus
1189 1665 1269 1717 quam
1280 1649 1350 1717 ipsum

140 1747 295 1809 Martinam,
307 1747 376 1801 alios
385 1747 419 1800 ab
432 1746 562 1816 angustiis
572 1751 599 1800 et
611 1747 738 1815 periculis
751 1747 951 1800 incurrentibus
963 1747 1116 1809 liberanda,
1125 1747 1186 1801 aliis
1196 1749 1209 1778 ¹
1220 1747 1246 1800 in
1257 1748 1353 1801 dirersis

140 1844 345 1899 necessitatibus
354 1845 552 1907 subveniendo,
562 1844 631 1898 alios
644 1845 671 1898 in
681 1845 773 1914 aliquo
784 1846 951 1899 honorantes
961 1862 1025 1898 eum
1034 1847 1197 1915 plerumque
1209 1846 1242 1899 ad
1253 1847 1353 1899 honores
1365 1856 1386 1903 u

139 1960 263 1998 summos
275 1944 453 2011 provehendo
466 1948 500 2008 et,
518 1949 548 1997 ut
566 1945 672 2012 majora
683 1945 782 2008 dicam,
795 1944 953 1999 innumeras
965 1945 1157 1998 detunctorum
1170 1945 1204 2008 ei,
1216 1946 1277 1998 dum
1295 1946 1353 1999 rire·

140 2045 209 2103 rent,
231 2042 394 2095 devotorum
416 2041 522 2095 animas
540 2058 557 2095 a
574 2043 662 2111 poenis
680 2041 841 2112 purgatoriis
862 2042 992 2095 eruendo.
1012 2041 1139 2111 Exempli
1163 2040 1260 2110 loquor
1277 2040 1354 2110 gratia.

140 2141 243 2195 Recolo
256 2157 299 2193 me
311 2156 440 2209 inagnum
454 2141 520 2211 quid
538 2141 686 2210 aliquando
702 2141 800 2210 legisse
821 2141 855 2194 de
873 2157 926 2195 eo:
944 2141 1055 2196 cuidam
1072 2140 1175 2194 scilicet
1194 2147 1284 2193 sancto
1300 2141 1355 2199 rim,

139 2240 290 2294 solitariam
301 2240 409 2294 ducenti
422 2240 516 2305 vitam,
532 2240 661 2294 divinitus
674 2241 758 2295 luisse
770 2240 921 2294 revelatum
939 2240 1029 2308 ipsum
1048 2246 1174 2293 sanctum
1188 2239 1322 2293 blartinum
1333 2239 1355 2292 in

141 2357 195 2394 una
207 2340 359 2394 festivitatis
371 2357 427 2394 suae
438 2340 482 2394 die
495 2345 535 2393 tot
543 2332 577 2393 de
590 2341 678 2408 poenis
689 2340 851 2410 purgatoriis
863 2339 1055 2394 defunctorum
1064 2341 1172 2393 animas
1183 2338 1357 2394 intercessione
1369 2346 1390 2394 a

139 2455 189 2492 sua
201 2439 330 2493 liberasse
341 2444 409 2507 quot
423 2440 563 2508 utriusque
575 2456 656 2494 sexus
669 2439 796 2493 homiues
808 2440 841 2492 ad
855 2440 980 2493 eamdem
995 2439 1173 2492 testivitatem
1188 2439 1281 2493 orandi
1290 2454 1359 2491 causa

140 2538 289 2607 contigerat
298 2538 451 2592 accessisse.
464 2539 535 2606 Quid
548 2555 679 2608 nmquam
692 2539 746 2592 tale
758 2539 792 2592 de
805 2539 896 2607 aliquo
909 2543 1068 2592 sanctorum
1082 2538 1207 2592 auditum
1220 2538 1261 2592 rel
1273 2538 1358 2591 lectum

140 2635 200 2688 est?
212 2634 295 2688 Multa
315 2635 493 2704 proculdubio
504 2635 547 2688 lris
556 2635 656 2689 similia
668 2640 724 2688 tam
739 2634 765 2687 in
773 2634 945 2687 intirmorum
955 2634 1106 2695 curatione,
1119 2650 1203 2702 quarn
1215 2634 1241 2687 in
1255 2638 1360 2687 mortuo·

141 2750 202 2786 rum
219 2733 396 2787 suscitatione
414 2734 610 2788 miraculorum
628 2734 752 2803 insignia,
772 2733 838 2786 dnm
860 2733 888 2787 in
910 2748 1024 2800 corpore
1046 2732 1160 2795 vireret,
1181 2732 1257 2786 illum
1278 2733 1360 2784 t'ecisse

141 2837 245 2886 certum
254 2837 294 2885 cst
304 2853 310 2895 ;
322 2834 370 2886 sed
383 2833 460 2901 plura
472 2838 499 2887 et
511 2834 617 2901 ritajora
626 2838 682 2886 tam
695 2833 723 2886 in
732 2833 903 2886 diversarum
916 2831 1088 2885 restitutione
1098 2832 1248 2884 sanitatum
1259 2830 1360 2899 (quasin
1375 2838 1396 2886 il

142 2929 295 2984 virentibus
308 2931 353 2984 laic
365 2948 427 2985 cum
441 2933 498 2985 rult
510 2936 537 2984 et
549 2932 595 2986 ubi
609 2931 666 2984 vult
677 2931 766 2984 adhuc
779 2930 917 3000 operatur)
930 2946 1013 2997 quam
1033 2929 1061 2982 in
1078 2932 1236 2984 animarum
1254 2946 1310 2999 qua
1320 2945 1360 2998 pro

142 3029 258 3098 peccatis
278 3029 334 3083 suis
354 3029 420 3083 diris
438 3030 541 3099 ignium
562 3029 701 3099 suppliciis
716 3031 908 3097 decoquuntur
925 3029 1066 3097 ereptione
1085 3045 1148 3082 euru
1169 3030 1267 3098 saepius
1285 3030 1361 3081 lacere

142 3129 276 3182 incertum
289 3145 345 3182 non
357 3130 478 3194 habebit,
491 3146 540 3183 nec
554 3147 598 3183 me
610 3129 714 3182 adulari
734 3129 782 3182 scd
803 3144 900 3182 rerum
922 3128 1012 3182 dicere
1033 3128 1233 3196 comprobabit.
1253 3127 1361 3196 qrrisqui:

143 3240 238 3278 eorum
249 3226 262 3255 ⁸
274 3242 334 3294 quae
345 3226 379 3278 de
391 3225 435 3278 his
446 3225 547 3293 scripta
559 3224 740 3293 reperiuntur,
751 3223 861 3276 sedulus
874 3227 1060 3290 perscrutator
1071 3223 1192 3275 extiterit

184 3322 218 3381 9.
243 3322 312 3390 Quia
324 3323 397 3376 enim
407 3339 462 3376 non
471 3323 586 3390 simplex
597 3322 747 3391 episcopus,
754 3322 802 3375 sed
811 3325 841 3374 ut
850 3319 1077 3389 metropolitanus
1086 3319 1234 3387 locuplex‘
1244 3336 1275 3372 ex
1284 3320 1361 3371 dorni·
1374 3330 1395 3377 a:-

143 3422 253 3476 natione
270 3419 415 3488 llo'guntiae
427 3419 503 3472 xreim
516 3419 649 3488 episcopis
668 3436 731 3472 cum
744 3419 873 3473 omnibus
892 3419 926 3471 acl
939 3435 986 3470 eos
1004 3417 1205 3486 pertinentibus
1217 3415 1360 3485 praesidetis.

143 3539 176 3576 eo
206 3521 304 3589 majori
329 3520 510 3574 sollicitudine
537 3524 564 3572 et
592 3518 738 3587 diligentia,
765 3535 820 3586 quo
850 3518 971 3587 pluribus
998 3516 1128 3585 praeestis,
1156 3516 1292 3568 abundare
1318 3531 1359 3565 ros

143 3625 251 3688 oportet

357 3837 500 3882 aristone
522 3837 660 3881 aulaeum
681 3836 903 3881 nnnssnacnums
926 3836 965 3879 Ab
988 3818 1155 3887 SlGffffDUH,

142 3937 400 3984 nttcfflttptscot‘utt
421 3936 625 3994 uoouumuuu,
647 3937 685 3980 er
707 3935 876 3992 numerum,
899 3935 1064 3979 mrscorru
1087 3902 1352 3980 oberantem-sm.
1366 3934 1390 3982 35

504 4015 582 4098 (Cir.
604 4036 713 4098 supra,
735 4035 808 4097 pag.
830 4016 901 4092 550,
923 4016 1002 4096 690.)
1165 4000 1183 4025 “

185 4215 217 4271 1.
241 4214 347 4268 Sanctis
359 4212 482 4281 patribus
494 4217 521 4265 et
537 4211 694 4280 apostolicis
706 4212 895 4265 sacerdotibus
912 4211 1087 4279 dominisque
1100 4184 1350 4269 amantissi'rbsu·

140 4314 211 4367 frido
224 4314 269 4380 (l),
278 4311 327 4365 Dei
336 4310 422 4380 gratia
431 4309 590 4378 ldoguntino
602 4309 818 4378 archiepiscopo,
831 4313 859 4362 et
870 4308 995 4377 Philippo
1009 4309 1055 4375 (⁹2),
1068 4309 1276 4377 Razeburgensi
1290 4296 1349 4376 pili·

140 4411 192 4474 lici,
210 4412 294 4465 irater
311 4407 491 4477 G[uibertus],
514 4422 656 4461 serrorum
680 4408 728 4460 Dei
749 4406 889 4471 minimus,
909 4406 1100 4461 omnimodum
1122 4408 1198 4476 quiid
1219 4425 1235 4460 a
1260 4402 1350 4460 miniri

174 4561 211 4629 (t)
221 4561 288 4614 Vide
299 4559 344 4613 hic
354 4559 435 4626 paulo
444 4558 577 4627 superine,
590 4557 666 4610 initio
679 4557 801 4627 epistolae
814 4556 999 4626 praecedentis.
1010 4583 1037 4593 -
1050 4556 1087 4621 (il
1098 4556 1165 4609 l'ide
1179 4557 1304 4610 eamdem
1320 4556 1373 4624 epi-

140 4643 248 4706 stolam,
257 4644 330 4697 circa
342 4642 474 4695 medinm.
