3142 5392
174 284 249 360 480
509 305 635 359 carun.
661 307 765 360 cono.
791 307 1068 361 nacroumrmc.

209 491 314 547 Tantus
322 493 361 548 ibi
370 499 411 549 est
422 496 504 551 decor
512 501 658 566 tantusque
668 498 759 552 reduit
766 499 865 562 honor,

175 597 273 647 cuncta
284 597 316 647 ut
323 595 419 649 mundi
427 595 542 650 nitentia
553 597 687 651 ducantur
695 597 733 651 ibi
744 613 794 665 pro
806 597 902 652 nihilo.

207 692 311 746 Locum
320 693 394 748 hunc
403 694 547 749 beatorum
557 711 655 764 agmen
665 695 761 750 incolit
769 711 913 764 magnum

175 792 283 861 Agnum
292 793 395 862 ubique
406 798 575 862 sequentem,
584 810 719 863 nusquam
731 796 857 864 lapsurus
867 810 916 864 per
924 811 1023 850 erum.

208 891 301 946 Turba
313 892 402 947 omnis
410 893 572 947 cohabitans
580 910 694 947 munere
704 892 767 946 laeta
778 894 832 962 pio,

174 992 310 1065 aChristo
321 996 452 1045 aeternam
461 993 547 1046 vitam
555 992 676 1046 muneris
686 993 796 1062 indepta
807 993 888 1047 dono.

112 1166 116 1172 .
207 1091 276 1146 Cum
289 1091 333 1144 his
345 1091 473 1145 omnibus
485 1107 602 1145 vernans
613 1092 715 1161 Eligius
726 1096 842 1146 nanctus
849 1092 963 1159 honore,

174 1190 273 1260 insigni
285 1190 386 1259 albigat
393 1190 505 1255 lumine,
516 1190 600 1259 regali
608 1191 705 1260 plenus
714 1191 819 1245 decore.

207 1289 275 1344 Hira
283 1289 342 1343 luce
351 1288 473 1358 stipatus,
486 1289 586 1343 Christi
597 1289 625 1343 in
633 1289 713 1343 laude
725 1290 809 1353 lusus,

151 1403 153 1409 ·
174 1389 275 1458 gaudet
285 1404 402 1458 pangere
414 1389 483 1442 sacri
495 1388 683 1442 modolamine
691 1392 796 1443 cantus.

190 1519 192 1523 ·
207 1487 281 1541 Inter
292 1486 414 1556 angelica
423 1487 532 1556 agmina
540 1487 696 1541 indefessa¹
709 1487 843 1541 dicentia:

173 1587 290 1642 Sanctus
298 1589 382 1653 trina,
388 1603 515 1654 persona,
526 1602 593 1639 uoce
604 1603 704 1655 magua
714 1586 852 1641 continua

208 1683 232 1739 0
244 1700 327 1753 quam
338 1682 383 1736 ille
392 1682 489 1737 beatus
500 1686 578 1737 tanta
586 1684 662 1737 brevi
673 1684 788 1753 adeptus
796 1684 915 1743 micavit.

174 1783 213 1838 ita
221 1784 268 1853 qui
277 1784 306 1837 in
317 1782 390 1836 arvis
398 1787 492 1836 nostro
501 1784 553 1837 sub
562 1787 685 1851 tempore
696 1783 809 1852 fulgens.

206 1882 331 1950 Namque
341 1881 520 1951 apprehendit
527 1882 586 1936 suis
594 1883 723 1936 coelorum
736 1899 820 1951 regna
828 1882 946 1952 rapinis;

172 1981 230 2050 jam
240 1982 312 2035 iores
321 1980 388 2033 adiit
395 1996 536 2049 supremas
544 1979 651 2049 Olympi
664 1986 789 2050 receptus
797 1981 892 2035 valvas
903 1981 922 2034 ¹.

206 2080 240 2134 Et
250 2079 316 2149 quia
328 2078 450 2148 implevit
461 2079 611 2133 secundum
620 2096 700 2133 suum
713 2079 868 2149 apostolum
880 2096 998 2143 cursum,

173 2179 236 2233 ideo
248 2195 296 2248 pro
309 2178 385 2232 brevi
396 2177 490 2231 labore
503 2182 544 2231 est
552 2182 667 2231 nanctus
675 2194 777 2232 corona
783 2178 902 2246 justitiae.

207 2279 247 2332 De
255 2277 334 2346 cujus
345 2277 416 2331 felici
427 2276 539 2346 quidem
551 2275 717 2331 omnimodis
726 2276 961 2331 consummatione

173 2374 259 2429 sancti
270 2373 372 2443 quique
383 2373 515 2437 latentur,
527 2373 628 2426 summi
640 2377 668 2426 et
676 2373 764 2427 nuntii
772 2373 930 2441 gloriantur.

205 2473 316 2527 Exultat
328 2471 411 2525 etiam
420 2471 547 2534 mundus,
556 2472 707 2540 gratulatur
715 2471 848 2525 Dominus
860 2472 998 2536 Christus,

172 2571 365 2626 concelebrant
373 2587 482 2639 quoque
494 2575 582 2638 grates
594 2569 721 2624 coelicoloe
731 2570 837 2624 laetalia
848 2575 967 2640 agentes.

205 2671 329 2724 Amictus
339 2670 412 2723 idem
420 2670 578 2739 splendifica
593 2670 707 2738 refulget
715 2674 830 2723 nanctus
841 2670 927 2733 stola;

173 2770 252 2822 metit
262 2769 320 2836 jam
332 2768 451 2821 fructum
464 2769 537 2821 bona
549 2768 652 2821 mundo
664 2784 724 2836 quae
737 2768 852 2822 contulit
863 2767 975 2822 semina.

205 2867 327 2921 Paradisi
337 2866 439 2921 deliciis
451 2867 571 2921 llorentis
583 2867 653 2920 inter
664 2867 798 2921 adsistens

173 2967 327 3021 redolentes
336 2970 490 3019 aromatum
499 2966 582 3019 silvas
591 2970 698 3019 aelernae
710 2966 856 3019 frondium.

205 3065 280 3118 Inter
292 3062 438 3117 candentia
446 3062 504 3116 lilia
516 3063 699 3132 rubentesque
709 3069 736 3117 et
744 3080 820 3117 rosas

172 3160 286 3213 roscidis
298 3160 426 3213 incedens
438 3160 545 3229 plantis,
558 3159 714 3214 blandiente
726 3161 806 3215 sibilo
815 3161 893 3215 aeris.

204 3259 278 3311 Inter
289 3274 322 3311 ea
332 3274 431 3326 nempe
440 3258 550 3326 agmina
561 3275 622 3326 qua
631 3259 751 3326 pulchrae
763 3258 884 3312 vestibus
895 3258 994 3325 albent,

170 3357 218 3410 ubi
227 3358 345 3411 candent
358 3357 446 3410 rutilis
457 3356 513 3410 lilia
522 3357 608 3415 mixta
620 3357 696 3411 rosis.

204 3455 308 3524 Corpus
317 3455 438 3524 undique
451 3457 550 3509 decens
558 3456 694 3509 velamine
704 3456 788 3524 fulget
798 3457 925 3520 candens,

170 3554 324 3608 ambrosios
333 3570 453 3622 namque
461 3555 530 3608 libat
541 3559 736 3622 nectareosque
749 3555 855 3609 odores.

202 3651 277 3705 Inter
288 3651 380 3704 varios
392 3667 536 3705 nemorum
548 3650 770 3719 gratissimosque
782 3651 883 3705 nitores

171 3749 330 3813 delectatur,
343 3753 371 3802 et
379 3749 489 3818 insuper
497 3766 530 3803 ex
542 3750 647 3804 visione
659 3749 789 3803 Creontis.

202 3849 267 3916 Ejus
279 3852 307 3902 et
316 3865 417 3916 pompa
429 3849 568 3913 verticem,
581 3865 636 3902 non
648 3853 679 3902 ut
690 3848 773 3902 seculi
785 3849 881 3911 simile,

168 3947 217 4000 sed
227 3963 346 4001 vernans
357 3947 444 4000 ambit
454 3964 554 4001 corona
565 3948 682 4017 paradisi
695 3948 852 4001 inmarcida.

201 4046 261 4099 Nou
272 4046 386 4098 mirtum
397 4047 503 4113 decore,
516 4062 572 4100 non
582 4047 690 4100 laurum
702 4047 810 4100 frondet
821 4051 852 4100 ut
864 4046 955 4109 uiride,

167 4144 216 4197 sed
227 4143 445 4197 inmarciscibilis
454 4149 527 4196 serta
538 4145 657 4197 faustum
670 4145 736 4212 tegit
745 4144 884 4198 cesariem.

200 4242 326 4310 Undique
338 4257 402 4294 eum
415 4241 496 4310 cingit
508 4242 604 4307 honor,
613 4242 759 4295 comitatur
770 4259 819 4310 par
827 4243 917 4306 decor,

167 4355 268 4394 munus
279 4339 386 4409 largum
394 4356 509 4395 suorum
518 4340 633 4409 adeptus
642 4345 708 4394 ovat
718 4341 854 4394 lahomm.

201 4651 211 4684 1
220 4649 355 4705 indefesse
366 4647 580 4705 e.-²va1visa.
