3142 5392
260 297 333 369 458
596 318 720 369 aaran.
747 317 850 368 cona.
876 315 1167 369 aaurooaaernc.

459 508 591 562 Denarios
600 507 643 561 bis
654 523 703 560 sex
715 512 779 559 tunc
790 506 960 575 marsupium
972 507 1108 576 pariebat,

459 606 535 673 Quos
544 606 617 675 prior
625 606 678 660 hac
687 611 745 659 arte
756 606 875 660 lucratos
886 606 1046 676 accipiebat.

455 808 507 865 De
528 807 634 865 dente
655 805 771 864 domni
791 805 962 878 walteri,
986 807 1131 878 antiqui
1154 809 1317 881 prior-te.

525 1015 591 1068 Post
603 1014 707 1067 obitum
719 1014 812 1067 domui
822 1013 935 1068 Walteri
945 1022 1058 1071 venerat
1067 1034 1142 1073 unus

460 1116 499 1168 Dc
508 1115 620 1168 claustri
629 1114 772 1167 monachis
784 1114 856 1183 apud
865 1114 964 1168 Alnam
976 1132 1089 1184 poscere
1098 1135 1210 1174 munus

460 1215 499 1268 Dc
510 1214 597 1266 sancti
610 1218 692 1276 reste,
701 1230 750 1280 pro
763 1213 874 1281 pignore
887 1214 1072 1283 reliquiarum.

460 1312 714 1366 Huncmonachum
723 1316 834 1364 sanctus
846 1312 943 1365 habuit
956 1313 995 1366 vir
1007 1314 1130 1369 maxime
1143 1333 1259 1373 carum.

460 1410 562 1477 Quaerit
573 1410 618 1464 hic
627 1427 643 1463 a
653 1411 754 1464 domno
764 1410 885 1464 Werrico
895 1412 918 1465 si
931 1412 998 1480 quid
1007 1413 1124 1468 haberet

460 1511 499 1563 Dc
511 1511 618 1563 seniore
628 1509 710 1572 bono,
719 1511 793 1577 quod
803 1510 827 1563 ei
837 1510 961 1564 conferre
973 1512 1083 1567 valeret.

460 1607 584 1661 Domnus
597 1608 732 1661 werricus
744 1609 853 1662 dentem
863 1625 893 1662 se
902 1610 968 1663 dicit
976 1611 1087 1678 habere,

461 1706 513 1773 Qui
526 1707 662 1760 detractus
671 1711 730 1760 erat
738 1707 825 1761 sancti
833 1708 948 1762 senioris
957 1709 992 1762 ab
1002 1725 1057 1763 ore.

459 1805 510 1859 Hic
521 1807 589 1874 petit
601 1807 733 1859 instanter
744 1810 849 1875 partem
859 1807 893 1860 dc
902 1808 983 1861 dente
991 1809 1129 1877 pusillam.

460 1905 584 1959 Domuus
593 1905 730 1958 Werricus
739 1906 867 1973 rogitanti
880 1922 935 1959 non
944 1912 1026 1976 negat
1036 1907 1121 1963 iilam.

460 2004 532 2057 Dens
542 2009 583 2057 est
595 2009 728 2066 ostensus,
740 2005 788 2057 sed
799 2005 886 2057 scindi
897 2007 1037 2073 quomodo
1048 2009 1157 2076 possit?

460 2103 494 2156 Et
505 2103 547 2156 vir
559 2107 673 2171 uterquc
685 2103 764 2155 timot
776 2108 802 2156 et
813 2103 936 2157 scindere
948 2121 1004 2158 nou
1016 2106 1087 2161 boue
1099 2110 1203 2164 noscit.

459 2201 535 2254 Tunc
547 2203 621 2270 prior
633 2203 720 2256 orarit
729 2202 866 2256 Werricus
878 2203 912 2255 ad
925 2203 1158 2274 omnipotentem,

458 2301 570 2354 Derotis
582 2301 707 2370 precibus
720 2301 821 2355 ducens
831 2302 865 2355 ad
877 2302 966 2355 sidera
977 2310 1107 2361 mentem.

458 2400 512 2454 Nec
526 2418 618 2455 mora:
632 2401 762 2455 dividitur
774 2401 849 2464 dens,
859 2402 887 2455 in
899 2401 953 2456 duo
964 2405 1156 2472 particulatus;

460 2500 540 2567 Quod
552 2501 669 2554 multum
681 2500 834 2554 monachus
846 2517 960 2554 cernens
972 2502 1024 2556 fuit
1032 2504 1217 2562 extrilaratun

345 2702 471 2761 omnio
491 2675 692 2775 operosus
712 2704 807 2762 bona
825 2705 999 2775 quantum
1018 2706 1167 2777 poterat
1191 2715 1425 2777 occultabat.

526 2893 617 2947 Pauca
628 2893 728 2947 rcierrc
740 2894 796 2948 scio
807 2896 891 2959 boum
902 2898 988 2950 multa
996 2898 1109 2952 latentia
1118 2901 1216 2969 gessit,

460 2991 531 3045 Nota
539 2993 596 3045 Deo
609 2993 668 3046 coeli
678 3009 740 3061 quae
749 2998 842 3048 nostra
851 2995 965 3049 scientia
976 2998 1070 3051 nescit.

461 3091 519 3144 Hoc
531 3093 596 3154 scio,
606 3109 655 3145 noc
665 3093 759 3146 dubito
769 3094 843 3161 quod
855 3110 918 3147 euru
931 3111 986 3148 non
999 3098 1154 3165 praeteriere

460 3193 631 3261 Omniaque
643 3195 796 3247 monachus
807 3194 943 3262 perlectus
955 3195 1036 3249 debet
1048 3197 1160 3253 habere.

461 3291 519 3345 Hoc
528 3293 584 3345 scio
596 3294 669 3360 (ruod
680 3293 749 3345 mira
762 3293 812 3346 luit
824 3294 832 3327 ¹
842 3293 985 3348 dulcedine
997 3295 1100 3364 plenus,

460 3489 517 3542 Hoc
527 3489 583 3542 scio
594 3491 667 3557 quod
680 3490 808 3543 monachi
820 3490 880 3543 tulit
892 3491 1048 3546 inviolabile
1058 3510 1161 3549 nomen

458 3590 492 3642 Et
504 3591 577 3658 quod
590 3591 722 3658 promisit,
731 3590 801 3643 bcoc
811 3591 893 3646 solvit
904 3591 932 3645 iu
941 3592 1042 3646 Ordine
1053 3598 1150 3649 totum.

459 3689 572 3757 iusuper
582 3694 609 3742 et
618 3689 677 3757 plus
687 3705 770 3758 quam
780 3706 857 3742 sacra
867 3691 959 3758 regula
968 3697 1060 3745 censet
1070 3694 1213 3762 agendum

458 3788 512 3840 istc
521 3787 593 3856 prior
606 3788 676 3840 lecit.
690 3789 780 3841 Unum
791 3805 852 3841 reor
860 3789 905 3843 iric
915 3790 1098 3846 referendum.

458 3887 510 3940 iste
519 3903 599 3939 suurn
611 3886 728 3954 tegirrreu
736 3903 791 3953 quo
804 3903 834 3939 se
846 3887 879 3940 de
891 3893 972 3941 nocte
986 3889 1092 3957 tegebat

458 3987 490 4039 ln
501 3986 555 4039 duo
566 3985 664 4048 divisit,
672 3985 761 4038 viduos
773 4002 834 4053 quae
847 3991 921 4039 veste
934 3987 1052 4040 carebat

458 4085 604 4138 Detulitad
617 4085 736 4137 vetulam
748 4084 822 4152 prior
833 4084 899 4138 illud
912 4085 1092 4150 dimidiatum,

459 4183 605 4237 Dimidium
619 4182 736 4235 retinens
746 4182 917 4235 mediotenus
929 4184 1099 4239 abreviatum
1109 4186 1131 4239 ¹.

458 4281 549 4334 Militis
561 4280 715 4348 exemplum
727 4279 834 4333 Martini
846 4281 885 4334 sic
897 4281 1031 4345 recitarit,

459 4378 510 4445 Qui
520 4379 691 4447 chlamydem
704 4380 777 4432 nudo
787 4395 849 4431 cum
858 4394 978 4447 paupere
990 4379 1152 4436 dimidiavit

458 4478 517 4532 iloc
528 4478 586 4531 ficri
599 4477 683 4531 tacuit
695 4478 722 4530 in
732 4493 836 4530 canone
846 4477 900 4531 dux
913 4477 1087 4543 Benedictus,

298 4675 307 4708 ¹
319 4676 365 4729 alc.
378 4702 408 4712 -
422 4674 433 4708 ¹
445 4678 491 4728 ric.
