<?xml version="1.0" encoding="UTF-8"?>
<!DOCTYPE html PUBLIC "-//W3C//DTD XHTML 1.0 Transitional//EN"
    "http://www.w3.org/TR/xhtml1/DTD/xhtml1-transitional.dtd">
<html xmlns="http://www.w3.org/1999/xhtml" xml:lang="en" lang="en">
 <head>
  <title>
</title>
<meta http-equiv="Content-Type" content="text/html;charset=utf-8" />
  <meta name='ocr-system' content='tesseract 3.04.00' />
  <meta name='ocr-capabilities' content='ocr_page ocr_carea ocr_par ocr_line ocrx_word'/>
</head>
<body>
  <div class='ocr_page' id='page_1' title='image "./cataloguscodicu01belggoog_0111.png"; bbox 0 0 3142 5392; ppageno 0'>
   <div class='ocr_carea' id='block_1_1' title="bbox 167 302 1059 376">
    <p class='ocr_par' dir='ltr' id='par_1_1' title="bbox 167 302 1059 376">
     <span class='ocr_line' id='line_1_1' title="bbox 167 302 1059 376; baseline -0.002 -1"><span class='ocrx_word' id='word_1_1' title='bbox 167 302 217 375; x_wconf 90' lang='lat'><strong><em>88</em></strong></span> <span class='ocrx_word' id='word_1_2' title='bbox 503 322 628 375; x_wconf 76' lang='lat' dir='ltr'><strong><em>cirin.</em></strong></span> <span class='ocrx_word' id='word_1_3' title='bbox 655 323 758 376; x_wconf 84' lang='lat' dir='ltr'><strong><em>canu.</em></strong></span> <span class='ocrx_word' id='word_1_4' title='bbox 783 320 1059 375; x_wconf 79' lang='lat' dir='ltr'><strong><em>niaioennrmc.</em></strong></span> 
     </span>
    </p>
   </div>
   <div class='ocr_carea' id='block_1_2' title="bbox 165 513 1392 4518">
    <p class='ocr_par' dir='ltr' id='par_1_2' title="bbox 165 513 1385 1353">
     <span class='ocr_line' id='line_1_2' title="bbox 167 513 1360 582; baseline -0.002 -16"><span class='ocrx_word' id='word_1_5' title='bbox 167 513 367 566; x_wconf 80' lang='lat' dir='ltr'><strong><em>abscondantur</em></strong></span> <span class='ocrx_word' id='word_1_6' title='bbox 377 513 531 581; x_wconf 74' lang='lat' dir='ltr'><strong><em>presbyteri</em></strong></span> <span class='ocrx_word' id='word_1_7' title='bbox 547 516 595 582; x_wconf 86' lang='lat' dir='ltr'><strong><em>qui</em></strong></span> <span class='ocrx_word' id='word_1_8' title='bbox 606 515 735 567; x_wconf 87' lang='lat' dir='ltr'><strong><em>dicantur</em></strong></span> <span class='ocrx_word' id='word_1_9' title='bbox 746 515 776 565; x_wconf 89' lang='lat' dir='ltr'><strong><em>in</em></strong></span> <span class='ocrx_word' id='word_1_10' title='bbox 792 515 844 566; x_wconf 79' lang='lat' dir='ltr'><strong><em>itae</em></strong></span> <span class='ocrx_word' id='word_1_11' title='bbox 861 514 928 566; x_wconf 88' lang='lat' dir='ltr'><strong><em>urbe</em></strong></span> <span class='ocrx_word' id='word_1_12' title='bbox 946 515 1119 576; x_wconf 86' lang='lat' dir='ltr'><strong><em>commorari,</em></strong></span> <span class='ocrx_word' id='word_1_13' title='bbox 1138 529 1251 581; x_wconf 84' lang='lat' dir='ltr'><strong><em>quorum</em></strong></span> <span class='ocrx_word' id='word_1_14' title='bbox 1269 515 1360 570; x_wconf 55' lang='lat' dir='ltr'><strong><em>domam</em></strong></span> 
     </span>
     <span class='ocr_line' id='line_1_3' title="bbox 168 610 1360 679; baseline 0.003 -14"><span class='ocrx_word' id='word_1_15' title='bbox 168 613 279 665; x_wconf 60' lang='lat' dir='ltr'><strong><em>morum</em></strong></span> <span class='ocrx_word' id='word_1_16' title='bbox 300 614 467 679; x_wconf 74' lang='lat' dir='ltr'><strong><em>coonoaeitur</em></strong></span> <span class='ocrx_word' id='word_1_17' title='bbox 483 628 538 666; x_wconf 81' lang='lat' dir='ltr'><strong><em>eaee</em></strong></span> <span class='ocrx_word' id='word_1_18' title='bbox 557 614 649 664; x_wconf 86' lang='lat' dir='ltr'><strong><em>ruina.</em></strong></span> <span class='ocrx_word' id='word_1_19' title='bbox 662 611 766 678; x_wconf 87' lang='lat' dir='ltr'>Quibus</span> <span class='ocrx_word' id='word_1_20' title='bbox 786 610 877 665; x_wconf 86' lang='lat' dir='ltr'><strong><em>verbis</em></strong></span> <span class='ocrx_word' id='word_1_21' title='bbox 896 616 1006 664; x_wconf 86' lang='lat' dir='ltr'><strong><em>sanctus</em></strong></span> <span class='ocrx_word' id='word_1_22' title='bbox 1022 610 1064 663; x_wconf 84' lang='lat' dir='ltr'><strong><em>vir</em></strong></span> <span class='ocrx_word' id='word_1_23' title='bbox 1080 610 1249 664; x_wconf 81' lang='lat' dir='ltr'><strong><em>constantior</em></strong></span> <span class='ocrx_word' id='word_1_24' title='bbox 1265 611 1360 668; x_wconf 76' lang='lat' dir='ltr'><strong><em>enata:</em></strong></span> 
     </span>
     <span class='ocr_line' id='line_1_4' title="bbox 170 708 1361 778; baseline 0.002 -15"><span class='ocrx_word' id='word_1_25' title='bbox 170 709 237 763; x_wconf 78' lang='lat' dir='ltr'><strong><em>Cum</em></strong></span> <span class='ocrx_word' id='word_1_26' title='bbox 244 710 296 775; x_wconf 77' lang='lat' dir='ltr'><strong><em>lea,</em></strong></span> <span class='ocrx_word' id='word_1_27' title='bbox 305 708 400 778; x_wconf 87' lang='lat' dir='ltr'><strong><em>inquit,</em></strong></span> <span class='ocrx_word' id='word_1_28' title='bbox 408 717 497 762; x_wconf 80' lang='lat' dir='ltr'><strong><em>vestra</em></strong></span> <span class='ocrx_word' id='word_1_29' title='bbox 505 711 645 777; x_wconf 82' lang='lat' dir='ltr'><strong><em>probibeat</em></strong></span> <span class='ocrx_word' id='word_1_30' title='bbox 654 716 683 762; x_wconf 91' lang='lat' dir='ltr'><strong><em>ut</em></strong></span> <span class='ocrx_word' id='word_1_31' title='bbox 695 711 786 763; x_wconf 79' lang='lat' dir='ltr'><strong><em>nullus</em></strong></span> <span class='ocrx_word' id='word_1_32' title='bbox 795 726 822 763; x_wconf 84' lang='lat' dir='ltr'><strong><em>ae</em></strong></span> <span class='ocrx_word' id='word_1_33' title='bbox 833 711 905 762; x_wconf 68' lang='lat' dir='ltr'><strong><em>cultro</em></strong></span> <span class='ocrx_word' id='word_1_34' title='bbox 913 710 1011 775; x_wconf 71' lang='lat' dir='ltr'><strong><em>offerat</em></strong></span> <span class='ocrx_word' id='word_1_35' title='bbox 1020 711 1223 776; x_wconf 74' lang='lat' dir='ltr'><strong><em>necquicquam</em></strong></span> <span class='ocrx_word' id='word_1_36' title='bbox 1231 710 1306 762; x_wconf 85' lang='lat' dir='ltr'><strong><em>otium</em></strong></span> <span class='ocrx_word' id='word_1_37' title='bbox 1312 713 1361 778; x_wconf 75' lang='lat' dir='ltr'><strong><em>deie—</em></strong></span> 
     </span>
     <span class='ocr_line' id='line_1_5' title="bbox 168 806 1362 874; baseline 0.001 -17"><span class='ocrx_word' id='word_1_38' title='bbox 168 811 220 868; x_wconf 88' lang='lat' dir='ltr'><strong><em>rat,</em></strong></span> <span class='ocrx_word' id='word_1_39' title='bbox 227 820 349 870; x_wconf 76' lang='lat' dir='ltr'><strong><em>copnoace</em></strong></span> <span class='ocrx_word' id='word_1_40' title='bbox 357 823 438 872; x_wconf 86' lang='lat' dir='ltr'><strong><em>quom</em></strong></span> <span class='ocrx_word' id='word_1_41' title='bbox 447 813 541 858; x_wconf 79' lang='lat' dir='ltr'><strong><em>ternere</em></strong></span> <span class='ocrx_word' id='word_1_42' title='bbox 550 808 579 858; x_wconf 89' lang='lat' dir='ltr'><strong><em>in</em></strong></span> <span class='ocrx_word' id='word_1_43' title='bbox 587 823 680 872; x_wconf 70' lang='lat' dir='ltr'><strong><em>repam</em></strong></span> <span class='ocrx_word' id='word_1_44' title='bbox 687 807 798 859; x_wconf 79' lang='lat' dir='ltr'><strong><em>decretis</em></strong></span> <span class='ocrx_word' id='word_1_45' title='bbox 807 806 936 871; x_wconf 76' lang='lat' dir='ltr'><strong><em>offendas,</em></strong></span> <span class='ocrx_word' id='word_1_46' title='bbox 944 822 1004 858; x_wconf 80' lang='lat' dir='ltr'><strong><em>erem</em></strong></span> <span class='ocrx_word' id='word_1_47' title='bbox 1011 807 1209 859; x_wconf 79' lang='lat' dir='ltr'><strong><em>deorumaacro</em></strong></span> <span class='ocrx_word' id='word_1_48' title='bbox 1218 813 1270 858; x_wconf 87' lang='lat' dir='ltr'><strong><em>tam</em></strong></span> <span class='ocrx_word' id='word_1_49' title='bbox 1276 808 1362 874; x_wconf 68' lang='lat' dir='ltr'><strong><em>inpar</em></strong></span> 
     </span>
     <span class='ocr_line' id='line_1_6' title="bbox 168 903 1385 974; baseline 0.003 -19"><span class='ocrx_word' id='word_1_50' title='bbox 168 903 303 968; x_wconf 71' lang='lat' dir='ltr'><strong><em>deseram.</em></strong></span> <span class='ocrx_word' id='word_1_51' title='bbox 315 904 423 957; x_wconf 83' lang='lat' dir='ltr'><strong><em>Summe</em></strong></span> <span class='ocrx_word' id='word_1_52' title='bbox 434 905 519 958; x_wconf 83' lang='lat' dir='ltr'><strong><em>bonus</em></strong></span> <span class='ocrx_word' id='word_1_53' title='bbox 527 912 624 972; x_wconf 82' lang='lat' dir='ltr'><strong><em>pastor</em></strong></span> <span class='ocrx_word' id='word_1_54' title='bbox 635 913 659 958; x_wconf 89' lang='lat' dir='ltr'><strong><em>et</em></strong></span> <span class='ocrx_word' id='word_1_55' title='bbox 669 906 792 958; x_wconf 79' lang='lat' dir='ltr'><strong><em>humana</em></strong></span> <span class='ocrx_word' id='word_1_56' title='bbox 809 906 908 958; x_wconf 82' lang='lat' dir='ltr'><strong><em>salutis</em></strong></span> <span class='ocrx_word' id='word_1_57' title='bbox 925 906 1055 972; x_wconf 74' lang='lat' dir='ltr'><strong><em>benipnua</em></strong></span> <span class='ocrx_word' id='word_1_58' title='bbox 1067 911 1175 957; x_wconf 85' lang='lat' dir='ltr'><strong><em>amator</em></strong></span> <span class='ocrx_word' id='word_1_59' title='bbox 1196 907 1264 957; x_wconf 86' lang='lat' dir='ltr'><strong><em>inter</em></strong></span> <span class='ocrx_word' id='word_1_60' title='bbox 1278 923 1317 959; x_wconf 80' lang='lat' dir='ltr'><strong><em>noa</em></strong></span> <span class='ocrx_word' id='word_1_61' title='bbox 1330 908 1385 974; x_wconf 71' lang='lat' dir='ltr'><strong><em>quit</em></strong></span> 
     </span>
     <span class='ocr_line' id='line_1_7' title="bbox 166 1005 1363 1072; baseline 0.003 -17"><span class='ocrx_word' id='word_1_62' title='bbox 166 1008 289 1067; x_wconf 79' lang='lat' dir='ltr'><strong><em>pastores</em></strong></span> <span class='ocrx_word' id='word_1_63' title='bbox 310 1019 436 1056; x_wconf 80' lang='lat' dir='ltr'><strong><em>vocamur</em></strong></span> <span class='ocrx_word' id='word_1_64' title='bbox 459 1011 482 1056; x_wconf 92' lang='lat' dir='ltr'><strong><em>et</em></strong></span> <span class='ocrx_word' id='word_1_65' title='bbox 503 1021 546 1057; x_wconf 81' lang='lat' dir='ltr'><strong><em>eos</em></strong></span> <span class='ocrx_word' id='word_1_66' title='bbox 563 1007 612 1072; x_wconf 86' lang='lat' dir='ltr'><strong><em>qui</em></strong></span> <span class='ocrx_word' id='word_1_67' title='bbox 627 1005 790 1057; x_wconf 76' lang='lat' dir='ltr'><strong><em>mercenarii</em></strong></span> <span class='ocrx_word' id='word_1_68' title='bbox 812 1006 997 1069; x_wconf 89' lang='lat' dir='ltr'><strong><em>nominantur,</em></strong></span> <span class='ocrx_word' id='word_1_69' title='bbox 1021 1006 1060 1056; x_wconf 83' lang='lat' dir='ltr'><strong><em>ita</em></strong></span> <span class='ocrx_word' id='word_1_70' title='bbox 1083 1005 1254 1056; x_wconf 71' lang='lat' dir='ltr'><strong><em>discretionis</em></strong></span> <span class='ocrx_word' id='word_1_71' title='bbox 1272 1007 1363 1058; x_wconf 75' lang='lat' dir='ltr'><strong><em>notiion</em></strong></span> 
     </span>
     <span class='ocr_line' id='line_1_8' title="bbox 165 1102 1364 1171; baseline 0.003 -18"><span class='ocrx_word' id='word_1_72' title='bbox 165 1102 290 1166; x_wconf 65' lang='lat' dir='ltr'><strong><em>mouisse</em></strong></span> <span class='ocrx_word' id='word_1_73' title='bbox 301 1103 444 1167; x_wconf 80' lang='lat' dir='ltr'><strong><em>invenitur,</em></strong></span> <span class='ocrx_word' id='word_1_74' title='bbox 457 1110 485 1155; x_wconf 95' lang='lat' dir='ltr'><strong><em>ut</em></strong></span> <span class='ocrx_word' id='word_1_75' title='bbox 496 1104 560 1171; x_wconf 80' lang='lat' dir='ltr'><strong><em>lupo</em></strong></span> <span class='ocrx_word' id='word_1_76' title='bbox 570 1105 687 1155; x_wconf 79' lang='lat' dir='ltr'><strong><em>veniente</em></strong></span> <span class='ocrx_word' id='word_1_77' title='bbox 703 1110 799 1170; x_wconf 83' lang='lat' dir='ltr'><strong><em>pastor</em></strong></span> <span class='ocrx_word' id='word_1_78' title='bbox 819 1105 973 1170; x_wconf 82' lang='lat' dir='ltr'><strong><em>intrepidus</em></strong></span> <span class='ocrx_word' id='word_1_79' title='bbox 989 1111 1122 1167; x_wconf 88' lang='lat' dir='ltr'><strong><em>occurrat,</em></strong></span> <span class='ocrx_word' id='word_1_80' title='bbox 1136 1104 1364 1156; x_wconf 68' lang='lat' dir='ltr'><strong><em>mercenariorum·</em></strong></span> 
     </span>
     <span class='ocr_line' id='line_1_9' title="bbox 169 1201 1366 1270; baseline 0.005 -19"><span class='ocrx_word' id='word_1_81' title='bbox 169 1201 237 1252; x_wconf 88' lang='lat' dir='ltr'><strong><em>tium</em></strong></span> <span class='ocrx_word' id='word_1_82' title='bbox 247 1201 427 1255; x_wconf 79' lang='lat' dir='ltr'><strong><em>subtrahendo</em></strong></span> <span class='ocrx_word' id='word_1_83' title='bbox 434 1204 570 1268; x_wconf 69' lang='lat' dir='ltr'><strong><em>aufupiat,</em></strong></span> <span class='ocrx_word' id='word_1_84' title='bbox 579 1210 602 1254; x_wconf 86' lang='lat' dir='ltr'><strong><em>et</em></strong></span> <span class='ocrx_word' id='word_1_85' title='bbox 612 1204 670 1254; x_wconf 88' lang='lat' dir='ltr'><strong><em>ideo</em></strong></span> <span class='ocrx_word' id='word_1_86' title='bbox 676 1219 729 1269; x_wconf 86' lang='lat' dir='ltr'><strong><em>per</em></strong></span> <span class='ocrx_word' id='word_1_87' title='bbox 740 1219 780 1254; x_wconf 90' lang='lat' dir='ltr'><strong><em>me</em></strong></span> <span class='ocrx_word' id='word_1_88' title='bbox 788 1218 841 1255; x_wconf 91' lang='lat' dir='ltr'><strong><em>non</em></strong></span> <span class='ocrx_word' id='word_1_89' title='bbox 850 1203 1002 1269; x_wconf 82' lang='lat' dir='ltr'><strong><em>prodentur</em></strong></span> <span class='ocrx_word' id='word_1_90' title='bbox 1013 1204 1174 1270; x_wconf 81' lang='lat' dir='ltr'><strong><em>quicumque</em></strong></span> <span class='ocrx_word' id='word_1_91' title='bbox 1185 1203 1234 1256; x_wconf 84' lang='lat' dir='ltr'><strong><em>aab</em></strong></span> <span class='ocrx_word' id='word_1_92' title='bbox 1250 1220 1312 1257; x_wconf 82' lang='lat' dir='ltr'><strong><em>cura</em></strong></span> <span class='ocrx_word' id='word_1_93' title='bbox 1323 1220 1366 1257; x_wconf 76' lang='lat' dir='ltr'><strong><em>ma</em></strong></span> 
     </span>
     <span class='ocr_line' id='line_1_10' title="bbox 169 1300 527 1353; baseline 0 -1"><span class='ocrx_word' id='word_1_94' title='bbox 169 1300 252 1352; x_wconf 83' lang='lat' dir='ltr'><strong><em>tutela</em></strong></span> <span class='ocrx_word' id='word_1_95' title='bbox 259 1307 382 1352; x_wconf 75' lang='lat' dir='ltr'><strong><em>coratare</em></strong></span> <span class='ocrx_word' id='word_1_96' title='bbox 394 1302 527 1353; x_wconf 81' lang='lat' dir='ltr'><strong><em>videntur.</em></strong></span> 
     </span>
    </p>

    <p class='ocr_par' dir='ltr' id='par_1_3' title="bbox 170 1396 1392 2057">
     <span class='ocr_line' id='line_1_11' title="bbox 212 1396 1392 1469; baseline 0.003 -17"><span class='ocrx_word' id='word_1_97' title='bbox 212 1396 247 1453; x_wconf 79' lang='lat'><strong><em>5.</em></strong></span> <span class='ocrx_word' id='word_1_98' title='bbox 263 1397 349 1451; x_wconf 80' lang='lat' dir='ltr'><strong><em>iudex</em></strong></span> <span class='ocrx_word' id='word_1_99' title='bbox 367 1397 465 1451; x_wconf 89' lang='lat' dir='ltr'><strong><em>iterum</em></strong></span> <span class='ocrx_word' id='word_1_100' title='bbox 483 1397 639 1451; x_wconf 89' lang='lat' dir='ltr'><strong><em>columnam</em></strong></span> <span class='ocrx_word' id='word_1_101' title='bbox 655 1401 738 1450; x_wconf 71' lang='lat' dir='ltr'><strong><em>tanta</em></strong></span> <span class='ocrx_word' id='word_1_102' title='bbox 756 1396 935 1450; x_wconf 81' lang='lat' dir='ltr'><strong><em>confessionis</em></strong></span> <span class='ocrx_word' id='word_1_103' title='bbox 946 1397 1060 1451; x_wconf 84' lang='lat' dir='ltr'><strong><em>credens</em></strong></span> <span class='ocrx_word' id='word_1_104' title='bbox 1081 1398 1172 1452; x_wconf 87' lang='lat' dir='ltr'><strong><em>adhuc</em></strong></span> <span class='ocrx_word' id='word_1_105' title='bbox 1193 1400 1296 1453; x_wconf 90' lang='lat' dir='ltr'><strong><em>concuti</em></strong></span> <span class='ocrx_word' id='word_1_106' title='bbox 1310 1415 1367 1469; x_wconf 81' lang='lat' dir='ltr'><strong><em>posse</em></strong></span> <span class='ocrx_word' id='word_1_107' title='bbox 1377 1406 1392 1456; x_wconf 87' lang='lat' dir='ltr'><strong><em>tt</em></strong></span> 
     </span>
     <span class='ocr_line' id='line_1_12' title="bbox 170 1494 1368 1566; baseline 0.002 -18"><span class='ocrx_word' id='word_1_108' title='bbox 170 1494 289 1563; x_wconf 88' lang='lat' dir='ltr'><strong><em>procella</em></strong></span> <span class='ocrx_word' id='word_1_109' title='bbox 297 1495 407 1549; x_wconf 90' lang='lat' dir='ltr'><strong><em>terroris</em></strong></span> <span class='ocrx_word' id='word_1_110' title='bbox 419 1515 426 1548; x_wconf 73' lang='grc' dir='ltr'><strong><em>ε</em></strong></span> <span class='ocrx_word' id='word_1_111' title='bbox 438 1497 536 1560; x_wconf 81' lang='lat' dir='ltr'><strong><em>Pania,</em></strong></span> <span class='ocrx_word' id='word_1_112' title='bbox 548 1495 675 1564; x_wconf 78' lang='lat' dir='ltr'><strong><em>inquitet</em></strong></span> <span class='ocrx_word' id='word_1_113' title='bbox 695 1496 846 1549; x_wconf 77' lang='lat' dir='ltr'><strong><em>verberibus</em></strong></span> <span class='ocrx_word' id='word_1_114' title='bbox 863 1513 882 1548; x_wconf 92' lang='lat' dir='ltr'><strong><em>a</em></strong></span> <span class='ocrx_word' id='word_1_115' title='bbox 898 1503 922 1548; x_wconf 87' lang='lat' dir='ltr'><strong><em>te</em></strong></span> <span class='ocrx_word' id='word_1_116' title='bbox 939 1497 1083 1561; x_wconf 74' lang='lat' dir='ltr'><strong><em>exquiram</em></strong></span> <span class='ocrx_word' id='word_1_117' title='bbox 1101 1499 1212 1550; x_wconf 86' lang='lat' dir='ltr'><strong><em>illorum</em></strong></span> <span class='ocrx_word' id='word_1_118' title='bbox 1229 1500 1368 1566; x_wconf 83' lang='lat' dir='ltr'><strong><em>nominaqui</em></strong></span> 
     </span>
     <span class='ocr_line' id='line_1_13' title="bbox 170 1596 1369 1664; baseline 0.001 -16"><span class='ocrx_word' id='word_1_119' title='bbox 170 1603 254 1648; x_wconf 81' lang='lat' dir='ltr'><strong><em>tecum</em></strong></span> <span class='ocrx_word' id='word_1_120' title='bbox 263 1598 380 1648; x_wconf 79' lang='lat' dir='ltr'><strong><em>sentiunt</em></strong></span> <span class='ocrx_word' id='word_1_121' title='bbox 391 1598 422 1647; x_wconf 89' lang='lat' dir='ltr'><strong><em>in</em></strong></span> <span class='ocrx_word' id='word_1_122' title='bbox 430 1598 619 1663; x_wconf 79' lang='lat' dir='ltr'><strong><em>eruperatitioca</em></strong></span> <span class='ocrx_word' id='word_1_123' title='bbox 627 1597 755 1648; x_wconf 80' lang='lat' dir='ltr'><strong><em>vanitatis</em></strong></span> <span class='ocrx_word' id='word_1_124' title='bbox 764 1597 896 1648; x_wconf 83' lang='lat' dir='ltr'><strong><em>doctrina.</em></strong></span> <span class='ocrx_word' id='word_1_125' title='bbox 905 1596 975 1648; x_wconf 75' lang='lat' dir='ltr'><strong><em>Scau</em></strong></span> <span class='ocrx_word' id='word_1_126' title='bbox 983 1598 1078 1648; x_wconf 80' lang='lat' dir='ltr'><strong><em>etenim</em></strong></span> <span class='ocrx_word' id='word_1_127' title='bbox 1087 1598 1280 1664; x_wconf 82' lang='lat' dir='ltr'><strong><em>imperatorum</em></strong></span> <span class='ocrx_word' id='word_1_128' title='bbox 1290 1598 1369 1650; x_wconf 81' lang='lat' dir='ltr'><strong><em>decreto</em></strong></span> 
     </span>
     <span class='ocr_line' id='line_1_14' title="bbox 172 1695 1371 1763; baseline 0.001 -17"><span class='ocrx_word' id='word_1_129' title='bbox 172 1695 426 1747; x_wconf 84' lang='lat' dir='ltr'><strong><em>utinteroludantur</em></strong></span> <span class='ocrx_word' id='word_1_130' title='bbox 436 1696 594 1748; x_wconf 77' lang='lat' dir='ltr'><strong><em>christiania</em></strong></span> <span class='ocrx_word' id='word_1_131' title='bbox 613 1697 754 1759; x_wconf 85' lang='lat' dir='ltr'><strong><em>cimiteria,</em></strong></span> <span class='ocrx_word' id='word_1_132' title='bbox 773 1696 970 1762; x_wconf 78' lang='lat' dir='ltr'><strong><em>prohibeantur</em></strong></span> <span class='ocrx_word' id='word_1_133' title='bbox 980 1696 1043 1761; x_wconf 72' lang='lat' dir='ltr'><strong><em>fieri</em></strong></span> <span class='ocrx_word' id='word_1_134' title='bbox 1059 1697 1239 1748; x_wconf 85' lang='lat' dir='ltr'><strong><em>conciliabula</em></strong></span> <span class='ocrx_word' id='word_1_135' title='bbox 1250 1704 1279 1761; x_wconf 87' lang='lat' dir='ltr'><strong><em>et,</em></strong></span> <span class='ocrx_word' id='word_1_136' title='bbox 1291 1698 1313 1748; x_wconf 85' lang='lat' dir='ltr'><strong><em>ei</em></strong></span> <span class='ocrx_word' id='word_1_137' title='bbox 1327 1697 1371 1763; x_wconf 81' lang='lat' dir='ltr'><strong><em>quit</em></strong></span> 
     </span>
     <span class='ocr_line' id='line_1_15' title="bbox 170 1792 1372 1862; baseline 0 -17"><span class='ocrx_word' id='word_1_138' title='bbox 170 1799 264 1845; x_wconf 86' lang='lat' dir='ltr'><strong><em>contro</em></strong></span> <span class='ocrx_word' id='word_1_139' title='bbox 274 1793 322 1846; x_wconf 82' lang='lat' dir='ltr'><strong><em>hoe</em></strong></span> <span class='ocrx_word' id='word_1_140' title='bbox 334 1795 538 1860; x_wconf 76' lang='lat' dir='ltr'><strong><em>nititur,pladio</em></strong></span> <span class='ocrx_word' id='word_1_141' title='bbox 549 1796 789 1846; x_wconf 79' lang='lat' dir='ltr'><strong><em>animadvertatur.</em></strong></span> <span class='ocrx_word' id='word_1_142' title='bbox 803 1792 953 1861; x_wconf 84' lang='lat' dir='ltr'><strong><em>Cyprianus</em></strong></span> <span class='ocrx_word' id='word_1_143' title='bbox 972 1792 1062 1846; x_wconf 89' lang='lat' dir='ltr'><strong><em>adhuc</em></strong></span> <span class='ocrx_word' id='word_1_144' title='bbox 1086 1792 1237 1862; x_wconf 88' lang='lat' dir='ltr'><strong><em>intrepidus</em></strong></span> <span class='ocrx_word' id='word_1_145' title='bbox 1256 1793 1372 1862; x_wconf 84' lang='lat' dir='ltr'><strong><em>persistit:</em></strong></span> 
     </span>
     <span class='ocr_line' id='line_1_16' title="bbox 171 1888 1392 1958; baseline 0 -17"><span class='ocrx_word' id='word_1_146' title='bbox 171 1889 236 1955; x_wconf 74' lang='lat' dir='ltr'><strong><em>Fac,</em></strong></span> <span class='ocrx_word' id='word_1_147' title='bbox 245 1888 377 1957; x_wconf 86' lang='lat' dir='ltr'><strong><em>inquiens,</em></strong></span> <span class='ocrx_word' id='word_1_148' title='bbox 386 1892 617 1958; x_wconf 84' lang='lat' dir='ltr'><strong><em>proconsui,quod</em></strong></span> <span class='ocrx_word' id='word_1_149' title='bbox 626 1892 676 1943; x_wconf 86' lang='lat' dir='ltr'><strong><em>tibi</em></strong></span> <span class='ocrx_word' id='word_1_150' title='bbox 684 1893 758 1956; x_wconf 75' lang='lat' dir='ltr'><strong><em>repta</em></strong></span> <span class='ocrx_word' id='word_1_151' title='bbox 771 1907 886 1943; x_wconf 78' lang='lat' dir='ltr'><strong><em>masura</em></strong></span> <span class='ocrx_word' id='word_1_152' title='bbox 906 1892 1035 1955; x_wconf 83' lang='lat' dir='ltr'><strong><em>dirtaoit;</em></strong></span> <span class='ocrx_word' id='word_1_153' title='bbox 1047 1889 1124 1958; x_wconf 85' lang='lat' dir='ltr'><strong><em>quasi</em></strong></span> <span class='ocrx_word' id='word_1_154' title='bbox 1149 1889 1204 1943; x_wconf 90' lang='lat' dir='ltr'><strong><em>hoc</em></strong></span> <span class='ocrx_word' id='word_1_155' title='bbox 1224 1890 1305 1944; x_wconf 83' lang='lat' dir='ltr'><strong><em>verbo</em></strong></span> <span class='ocrx_word' id='word_1_156' title='bbox 1316 1889 1392 1944; x_wconf 81' lang='lat' dir='ltr'><strong><em>illuni</em></strong></span> 
     </span>
     <span class='ocr_line' id='line_1_17' title="bbox 172 1987 960 2057; baseline 0.001 -18"><span class='ocrx_word' id='word_1_157' title='bbox 172 1987 337 2056; x_wconf 70' lang='lat' dir='ltr'><strong><em>redarguens</em></strong></span> <span class='ocrx_word' id='word_1_158' title='bbox 346 1988 466 2057; x_wconf 76' lang='lat' dir='ltr'><strong><em>ignaviae,</em></strong></span> <span class='ocrx_word' id='word_1_159' title='bbox 476 1988 558 2056; x_wconf 87' lang='lat' dir='ltr'><strong><em>jussis</em></strong></span> <span class='ocrx_word' id='word_1_160' title='bbox 566 2004 662 2042; x_wconf 90' lang='lat' dir='ltr'><strong><em>eorum</em></strong></span> <span class='ocrx_word' id='word_1_161' title='bbox 672 1988 744 2041; x_wconf 92' lang='lat' dir='ltr'><strong><em>nolle</em></strong></span> <span class='ocrx_word' id='word_1_162' title='bbox 753 1987 833 2041; x_wconf 89' lang='lat' dir='ltr'><strong><em>citius</em></strong></span> <span class='ocrx_word' id='word_1_163' title='bbox 841 1987 960 2041; x_wconf 89' lang='lat' dir='ltr'><strong><em>obedire.</em></strong></span> 
     </span>
    </p>

    <p class='ocr_par' dir='ltr' id='par_1_4' title="bbox 172 2083 1392 3321">
     <span class='ocr_line' id='line_1_18' title="bbox 214 2083 1381 2155; baseline -0.008 -14"><span class='ocrx_word' id='word_1_164' title='bbox 214 2084 248 2144; x_wconf 80' lang='grc'><strong><em>6.</em></strong></span> <span class='ocrx_word' id='word_1_165' title='bbox 271 2086 465 2155; x_wconf 87' lang='lat' dir='ltr'><strong><em>Insuperabilis</em></strong></span> <span class='ocrx_word' id='word_1_166' title='bbox 473 2085 725 2154; x_wconf 73' lang='lat' dir='ltr'><strong><em>igiturinreliqione</em></strong></span> <span class='ocrx_word' id='word_1_167' title='bbox 734 2084 913 2138; x_wconf 84' lang='lat' dir='ltr'><strong><em>divinaexilio</em></strong></span> <span class='ocrx_word' id='word_1_168' title='bbox 922 2083 1084 2152; x_wconf 78' lang='lat' dir='ltr'><strong><em>religaturin</em></strong></span> <span class='ocrx_word' id='word_1_169' title='bbox 1092 2083 1203 2137; x_wconf 84' lang='lat' dir='ltr'><strong><em>civitate</em></strong></span> <span class='ocrx_word' id='word_1_170' title='bbox 1212 2083 1381 2138; x_wconf 82' lang='lat' dir='ltr'><strong><em>Carabitann1.</em></strong></span> 
     </span>
     <span class='ocr_line' id='line_1_19' title="bbox 172 2180 1383 2254; baseline -0.005 -15"><span class='ocrx_word' id='word_1_171' title='bbox 172 2183 233 2248; x_wconf 83' lang='lat' dir='ltr'><strong><em>Sed,</em></strong></span> <span class='ocrx_word' id='word_1_172' title='bbox 245 2184 310 2254; x_wconf 88' lang='lat' dir='ltr'><strong><em>quia</em></strong></span> <span class='ocrx_word' id='word_1_173' title='bbox 328 2185 442 2238; x_wconf 80' lang='lat' dir='ltr'><strong><em>verbum</em></strong></span> <span class='ocrx_word' id='word_1_174' title='bbox 461 2183 510 2236; x_wconf 89' lang='lat' dir='ltr'><strong><em>Dei</em></strong></span> <span class='ocrx_word' id='word_1_175' title='bbox 533 2182 636 2252; x_wconf 79' lang='lat' dir='ltr'><strong><em>alligari</em></strong></span> <span class='ocrx_word' id='word_1_176' title='bbox 656 2198 712 2235; x_wconf 91' lang='lat' dir='ltr'><strong><em>non</em></strong></span> <span class='ocrx_word' id='word_1_177' title='bbox 732 2181 828 2251; x_wconf 86' lang='lat' dir='ltr'><strong><em>potuit,</em></strong></span> <span class='ocrx_word' id='word_1_178' title='bbox 849 2181 972 2234; x_wconf 90' lang='lat' dir='ltr'><strong><em>doctriua</em></strong></span> <span class='ocrx_word' id='word_1_179' title='bbox 987 2180 1151 2250; x_wconf 88' lang='lat' dir='ltr'><strong><em>pontificalis</em></strong></span> <span class='ocrx_word' id='word_1_180' title='bbox 1169 2180 1270 2235; x_wconf 87' lang='lat' dir='ltr'><strong><em>ibidem</em></strong></span> <span class='ocrx_word' id='word_1_181' title='bbox 1282 2180 1383 2235; x_wconf 79' lang='lat' dir='ltr'><strong><em>efflorui</em></strong></span> 
     </span>
     <span class='ocr_line' id='line_1_20' title="bbox 172 2278 1385 2352; baseline -0.004 -15"><span class='ocrx_word' id='word_1_182' title='bbox 172 2283 266 2352; x_wconf 76' lang='lat' dir='ltr'><strong><em>magis,</em></strong></span> <span class='ocrx_word' id='word_1_183' title='bbox 279 2284 347 2337; x_wconf 86' lang='lat' dir='ltr'><strong><em>adeo</em></strong></span> <span class='ocrx_word' id='word_1_184' title='bbox 359 2288 390 2336; x_wconf 88' lang='lat' dir='ltr'><strong><em>ut</em></strong></span> <span class='ocrx_word' id='word_1_185' title='bbox 400 2298 484 2352; x_wconf 77' lang='lat' dir='ltr'><strong><em>grana</em></strong></span> <span class='ocrx_word' id='word_1_186' title='bbox 493 2281 692 2351; x_wconf 75' lang='lat' dir='ltr'><strong><em>praedicationis</em></strong></span> <span class='ocrx_word' id='word_1_187' title='bbox 701 2296 766 2350; x_wconf 79' lang='lat' dir='ltr'><strong><em>agro</em></strong></span> <span class='ocrx_word' id='word_1_188' title='bbox 779 2279 881 2334; x_wconf 89' lang='lat' dir='ltr'><strong><em>credita</em></strong></span> <span class='ocrx_word' id='word_1_189' title='bbox 891 2278 1049 2348; x_wconf 75' lang='lat' dir='ltr'><strong><em>gentilitatis</em></strong></span> <span class='ocrx_word' id='word_1_190' title='bbox 1066 2279 1171 2333; x_wconf 79' lang='lat' dir='ltr'><strong><em>fructus</em></strong></span> <span class='ocrx_word' id='word_1_191' title='bbox 1193 2281 1289 2333; x_wconf 88' lang='lat' dir='ltr'><strong><em>darent</em></strong></span> <span class='ocrx_word' id='word_1_192' title='bbox 1304 2281 1385 2347; x_wconf 88' lang='lat' dir='ltr'><strong><em>jocun-</em></strong></span> 
     </span>
     <span class='ocr_line' id='line_1_21' title="bbox 174 2378 1388 2451; baseline -0.003 -15"><span class='ocrx_word' id='word_1_193' title='bbox 174 2381 373 2436; x_wconf 82' lang='lat' dir='ltr'><strong><em>doscatholicae</em></strong></span> <span class='ocrx_word' id='word_1_194' title='bbox 384 2380 568 2451; x_wconf 84' lang='lat' dir='ltr'><strong><em>professionis.</em></strong></span> <span class='ocrx_word' id='word_1_195' title='bbox 579 2380 673 2449; x_wconf 88' lang='lat' dir='ltr'><strong><em>Neque</em></strong></span> <span class='ocrx_word' id='word_1_196' title='bbox 691 2379 804 2448; x_wconf 85' lang='lat' dir='ltr'><strong><em>antiqua</em></strong></span> <span class='ocrx_word' id='word_1_197' title='bbox 825 2378 1014 2447; x_wconf 73' lang='lat' dir='ltr'><strong><em>religiosorum</em></strong></span> <span class='ocrx_word' id='word_1_198' title='bbox 1035 2378 1122 2432; x_wconf 80' lang='lat' dir='ltr'><strong><em>defuit</em></strong></span> <span class='ocrx_word' id='word_1_199' title='bbox 1142 2379 1271 2443; x_wconf 86' lang='lat' dir='ltr'><strong><em>amicitia,</em></strong></span> <span class='ocrx_word' id='word_1_200' title='bbox 1283 2394 1388 2449; x_wconf 89' lang='lat' dir='ltr'><strong><em>quorun</em></strong></span> 
     </span>
     <span class='ocr_line' id='line_1_22' title="bbox 173 2469 1389 2548; baseline -0.004 -13"><span class='ocrx_word' id='word_1_201' title='bbox 173 2485 238 2535; x_wconf 91' lang='lat' dir='ltr'><strong><em>tunc</em></strong></span> <span class='ocrx_word' id='word_1_202' title='bbox 246 2481 367 2535; x_wconf 83' lang='lat' dir='ltr'><strong><em>maxima</em></strong></span> <span class='ocrx_word' id='word_1_203' title='bbox 375 2479 503 2534; x_wconf 88' lang='lat' dir='ltr'><strong><em>convenit</em></strong></span> <span class='ocrx_word' id='word_1_204' title='bbox 513 2478 672 2548; x_wconf 83' lang='lat' dir='ltr'><strong><em>frequentia,</em></strong></span> <span class='ocrx_word' id='word_1_205' title='bbox 684 2482 715 2532; x_wconf 89' lang='lat' dir='ltr'><strong><em>ut</em></strong></span> <span class='ocrx_word' id='word_1_206' title='bbox 725 2469 863 2531; x_wconf 89' lang='lat' dir='ltr'><strong><em>secessum</em></strong></span> <span class='ocrx_word' id='word_1_207' title='bbox 875 2477 991 2531; x_wconf 90' lang='lat' dir='ltr'><strong><em>subinde</em></strong></span> <span class='ocrx_word' id='word_1_208' title='bbox 1011 2477 1159 2531; x_wconf 85' lang='lat' dir='ltr'><strong><em>suaderent</em></strong></span> <span class='ocrx_word' id='word_1_209' title='bbox 1176 2482 1204 2532; x_wconf 90' lang='lat' dir='ltr'><strong><em>et</em></strong></span> <span class='ocrx_word' id='word_1_210' title='bbox 1215 2479 1276 2532; x_wconf 87' lang='lat' dir='ltr'><strong><em>loca</em></strong></span> <span class='ocrx_word' id='word_1_211' title='bbox 1295 2479 1321 2532; x_wconf 92' lang='lat' dir='ltr'><strong><em>in</em></strong></span> <span class='ocrx_word' id='word_1_212' title='bbox 1337 2494 1389 2547; x_wconf 82' lang='lat' dir='ltr'><strong><em>que</em></strong></span> 
     </span>
     <span class='ocr_line' id='line_1_23' title="bbox 174 2574 1392 2646; baseline -0.002 -13"><span class='ocrx_word' id='word_1_213' title='bbox 174 2578 498 2633; x_wconf 85' lang='lat' dir='ltr'><strong><em>secederetlibeutissime</em></strong></span> <span class='ocrx_word' id='word_1_214' title='bbox 507 2578 694 2631; x_wconf 85' lang='lat' dir='ltr'><strong><em>concederent.</em></strong></span> <span class='ocrx_word' id='word_1_215' title='bbox 707 2578 767 2646; x_wconf 90' lang='lat' dir='ltr'><strong><em>lpse</em></strong></span> <span class='ocrx_word' id='word_1_216' title='bbox 780 2592 844 2630; x_wconf 84' lang='lat' dir='ltr'><strong><em>vero</em></strong></span> <span class='ocrx_word' id='word_1_217' title='bbox 856 2574 915 2628; x_wconf 79' lang='lat' dir='ltr'><strong><em>haec</em></strong></span> <span class='ocrx_word' id='word_1_218' title='bbox 927 2575 1020 2629; x_wconf 89' lang='lat' dir='ltr'><strong><em>omnia</em></strong></span> <span class='ocrx_word' id='word_1_219' title='bbox 1029 2575 1209 2645; x_wconf 79' lang='lat' dir='ltr'><strong><em>parvipendit,</em></strong></span> <span class='ocrx_word' id='word_1_220' title='bbox 1222 2582 1341 2630; x_wconf 87' lang='lat' dir='ltr'><strong><em>mentem</em></strong></span> <span class='ocrx_word' id='word_1_221' title='bbox 1361 2576 1392 2629; x_wconf 85' lang='lat' dir='ltr'><strong><em>ad</em></strong></span> 
     </span>
     <span class='ocr_line' id='line_1_24' title="bbox 174 2675 1392 2746; baseline -0.002 -15"><span class='ocrx_word' id='word_1_222' title='bbox 174 2676 257 2731; x_wconf 88' lang='lat' dir='ltr'><strong><em>eoelos</em></strong></span> <span class='ocrx_word' id='word_1_223' title='bbox 263 2677 411 2746; x_wconf 87' lang='lat' dir='ltr'><strong><em>suspendit,</em></strong></span> <span class='ocrx_word' id='word_1_224' title='bbox 423 2678 457 2731; x_wconf 90' lang='lat' dir='ltr'><strong><em>ad</em></strong></span> <span class='ocrx_word' id='word_1_225' title='bbox 470 2677 613 2731; x_wconf 85' lang='lat' dir='ltr'><strong><em>calcandas</em></strong></span> <span class='ocrx_word' id='word_1_226' title='bbox 624 2676 763 2746; x_wconf 85' lang='lat' dir='ltr'><strong><em>passiones</em></strong></span> <span class='ocrx_word' id='word_1_227' title='bbox 776 2676 920 2739; x_wconf 87' lang='lat' dir='ltr'><strong><em>animatus,</em></strong></span> <span class='ocrx_word' id='word_1_228' title='bbox 931 2675 965 2729; x_wconf 91' lang='lat' dir='ltr'><strong><em>ad</em></strong></span> <span class='ocrx_word' id='word_1_229' title='bbox 977 2692 1101 2729; x_wconf 91' lang='lat' dir='ltr'><strong><em>amorem</em></strong></span> <span class='ocrx_word' id='word_1_230' title='bbox 1110 2677 1234 2745; x_wconf 78' lang='lat' dir='ltr'><strong><em>martyrii</em></strong></span> <span class='ocrx_word' id='word_1_231' title='bbox 1246 2676 1392 2730; x_wconf 84' lang='lat' dir='ltr'><strong><em>inflamma·</em></strong></span> 
     </span>
     <span class='ocr_line' id='line_1_25' title="bbox 175 2773 1392 2845; baseline -0.002 -15"><span class='ocrx_word' id='word_1_232' title='bbox 175 2782 226 2840; x_wconf 90' lang='lat' dir='ltr'><strong><em>tus,</em></strong></span> <span class='ocrx_word' id='word_1_233' title='bbox 238 2777 326 2831; x_wconf 88' lang='lat' dir='ltr'><strong><em>sciens</em></strong></span> <span class='ocrx_word' id='word_1_234' title='bbox 338 2776 444 2845; x_wconf 88' lang='lat' dir='ltr'><strong><em>eulpam</em></strong></span> <span class='ocrx_word' id='word_1_235' title='bbox 462 2792 517 2830; x_wconf 91' lang='lat' dir='ltr'><strong><em>uon</em></strong></span> <span class='ocrx_word' id='word_1_236' title='bbox 538 2776 652 2829; x_wconf 67' lang='lat' dir='ltr'><strong><em>deesset</em></strong></span> <span class='ocrx_word' id='word_1_237' title='bbox 664 2776 690 2828; x_wconf 93' lang='lat' dir='ltr'><strong><em>in</em></strong></span> <span class='ocrx_word' id='word_1_238' title='bbox 700 2792 773 2844; x_wconf 78' lang='lat' dir='ltr'><strong><em>agro,</em></strong></span> <span class='ocrx_word' id='word_1_239' title='bbox 785 2775 809 2827; x_wconf 88' lang='lat' dir='ltr'><strong><em>si</em></strong></span> <span class='ocrx_word' id='word_1_240' title='bbox 820 2773 915 2828; x_wconf 90' lang='lat' dir='ltr'><strong><em>oculus</em></strong></span> <span class='ocrx_word' id='word_1_241' title='bbox 927 2774 1029 2828; x_wconf 87' lang='lat' dir='ltr'><strong><em>arantis</em></strong></span> <span class='ocrx_word' id='word_1_242' title='bbox 1047 2775 1202 2829; x_wconf 83' lang='lat' dir='ltr'><strong><em>reflectatur</em></strong></span> <span class='ocrx_word' id='word_1_243' title='bbox 1221 2779 1334 2844; x_wconf 81' lang='lat' dir='ltr'><strong><em>atergo.</em></strong></span> <span class='ocrx_word' id='word_1_244' title='bbox 1346 2774 1392 2828; x_wconf 89' lang='lat' dir='ltr'><strong><em>Sed</em></strong></span> 
     </span>
     <span class='ocr_line' id='line_1_26' title="bbox 175 2876 1392 2946; baseline 0 -16"><span class='ocrx_word' id='word_1_245' title='bbox 175 2877 309 2930; x_wconf 89' lang='lat' dir='ltr'><strong><em>Dominus</em></strong></span> <span class='ocrx_word' id='word_1_246' title='bbox 331 2882 479 2946; x_wconf 83' lang='lat' dir='ltr'><strong><em>martyrem</em></strong></span> <span class='ocrx_word' id='word_1_247' title='bbox 500 2893 580 2930; x_wconf 86' lang='lat' dir='ltr'><strong><em>suurn</em></strong></span> <span class='ocrx_word' id='word_1_248' title='bbox 603 2877 631 2930; x_wconf 91' lang='lat' dir='ltr'><strong><em>in</em></strong></span> <span class='ocrx_word' id='word_1_249' title='bbox 651 2877 767 2930; x_wconf 89' lang='lat' dir='ltr'><strong><em>vinculis</em></strong></span> <span class='ocrx_word' id='word_1_250' title='bbox 788 2893 845 2930; x_wconf 91' lang='lat' dir='ltr'><strong><em>non</em></strong></span> <span class='ocrx_word' id='word_1_251' title='bbox 874 2876 1004 2944; x_wconf 84' lang='lat' dir='ltr'><strong><em>despexit,</em></strong></span> <span class='ocrx_word' id='word_1_252' title='bbox 1028 2877 1106 2945; x_wconf 86' lang='lat' dir='ltr'><strong><em>cujus</em></strong></span> <span class='ocrx_word' id='word_1_253' title='bbox 1128 2876 1252 2930; x_wconf 90' lang='lat' dir='ltr'><strong><em>laborem</em></strong></span> <span class='ocrx_word' id='word_1_254' title='bbox 1278 2877 1313 2931; x_wconf 87' lang='lat' dir='ltr'><strong><em>de</em></strong></span> <span class='ocrx_word' id='word_1_255' title='bbox 1333 2876 1392 2931; x_wconf 86' lang='lat' dir='ltr'><strong><em>eoelo</em></strong></span> 
     </span>
     <span class='ocr_line' id='line_1_27' title="bbox 175 2972 1392 3044; baseline 0.002 -18"><span class='ocrx_word' id='word_1_256' title='bbox 175 2973 322 3044; x_wconf 81' lang='lat' dir='ltr'><strong><em>prospexit,</em></strong></span> <span class='ocrx_word' id='word_1_257' title='bbox 331 2978 358 3026; x_wconf 91' lang='lat' dir='ltr'><strong><em>et</em></strong></span> <span class='ocrx_word' id='word_1_258' title='bbox 366 2973 575 3042; x_wconf 88' lang='lat' dir='ltr'><strong><em>Paternum,qui</em></strong></span> <span class='ocrx_word' id='word_1_259' title='bbox 588 2974 677 3027; x_wconf 84' lang='lat' dir='ltr'><strong><em>amico</em></strong></span> <span class='ocrx_word' id='word_1_260' title='bbox 695 2974 745 3028; x_wconf 88' lang='lat' dir='ltr'><strong><em>Dei</em></strong></span> <span class='ocrx_word' id='word_1_261' title='bbox 757 2990 851 3042; x_wconf 85' lang='lat' dir='ltr'><strong><em>poenas</em></strong></span> <span class='ocrx_word' id='word_1_262' title='bbox 862 2972 975 3042; x_wconf 85' lang='lat' dir='ltr'><strong><em>paravit,</em></strong></span> <span class='ocrx_word' id='word_1_263' title='bbox 986 2973 1043 3041; x_wconf 87' lang='lat' dir='ltr'><strong><em>jam</em></strong></span> <span class='ocrx_word' id='word_1_264' title='bbox 1056 2979 1197 3028; x_wconf 90' lang='lat' dir='ltr'><strong><em>mortuum</em></strong></span> <span class='ocrx_word' id='word_1_265' title='bbox 1220 2975 1329 3029; x_wconf 74' lang='lat' dir='ltr'><strong><em>aeternis</em></strong></span> <span class='ocrx_word' id='word_1_266' title='bbox 1340 2990 1392 3029; x_wconf 88' lang='lat' dir='ltr'><strong><em>ern·</em></strong></span> 
     </span>
     <span class='ocr_line' id='line_1_28' title="bbox 175 3069 1392 3140; baseline 0.001 -16"><span class='ocrx_word' id='word_1_267' title='bbox 175 3070 292 3124; x_wconf 89' lang='lat' dir='ltr'><strong><em>cialibus</em></strong></span> <span class='ocrx_word' id='word_1_268' title='bbox 303 3070 455 3140; x_wconf 73' lang='lat' dir='ltr'><strong><em>subligavit</em></strong></span> <span class='ocrx_word' id='word_1_269' title='bbox 464 3072 578 3125; x_wconf 89' lang='lat' dir='ltr'><strong><em>Sanctus</em></strong></span> <span class='ocrx_word' id='word_1_270' title='bbox 590 3072 681 3140; x_wconf 87' lang='lat' dir='ltr'><strong><em>itaque</em></strong></span> <span class='ocrx_word' id='word_1_271' title='bbox 699 3070 797 3140; x_wconf 75' lang='lat' dir='ltr'><strong><em>praesul</em></strong></span> <span class='ocrx_word' id='word_1_272' title='bbox 809 3070 916 3124; x_wconf 87' lang='lat' dir='ltr'><strong><em>rediens</em></strong></span> <span class='ocrx_word' id='word_1_273' title='bbox 928 3070 963 3122; x_wconf 92' lang='lat' dir='ltr'><strong><em>ab</em></strong></span> <span class='ocrx_word' id='word_1_274' title='bbox 973 3069 1062 3134; x_wconf 83' lang='lat' dir='ltr'><strong><em>exilio,</em></strong></span> <span class='ocrx_word' id='word_1_275' title='bbox 1083 3071 1195 3124; x_wconf 88' lang='lat' dir='ltr'><strong><em>secessit</em></strong></span> <span class='ocrx_word' id='word_1_276' title='bbox 1206 3071 1235 3125; x_wconf 93' lang='lat' dir='ltr'><strong><em>in</em></strong></span> <span class='ocrx_word' id='word_1_277' title='bbox 1246 3071 1329 3125; x_wconf 91' lang='lat' dir='ltr'><strong><em>horto</em></strong></span> <span class='ocrx_word' id='word_1_278' title='bbox 1341 3088 1392 3135; x_wconf 82' lang='lat' dir='ltr'><strong><em>suo,</em></strong></span> 
     </span>
     <span class='ocr_line' id='line_1_29' title="bbox 175 3168 1392 3238; baseline 0 -16"><span class='ocrx_word' id='word_1_279' title='bbox 175 3168 267 3238; x_wconf 87' lang='lat' dir='ltr'><strong><em>ibique</em></strong></span> <span class='ocrx_word' id='word_1_280' title='bbox 292 3169 395 3222; x_wconf 88' lang='lat' dir='ltr'><strong><em>eunctis</em></strong></span> <span class='ocrx_word' id='word_1_281' title='bbox 411 3169 458 3237; x_wconf 47' lang='lat' dir='ltr'><strong><em>,ad</em></strong></span> <span class='ocrx_word' id='word_1_282' title='bbox 483 3186 513 3223; x_wconf 89' lang='lat' dir='ltr'><strong><em>se</em></strong></span> <span class='ocrx_word' id='word_1_283' title='bbox 542 3169 713 3224; x_wconf 86' lang='lat' dir='ltr'><strong><em>venientibus</em></strong></span> <span class='ocrx_word' id='word_1_284' title='bbox 741 3169 908 3223; x_wconf 82' lang='lat' dir='ltr'><strong><em>incessanter</em></strong></span> <span class='ocrx_word' id='word_1_285' title='bbox 935 3168 1161 3222; x_wconf 85' lang='lat' dir='ltr'><strong><em>subministrabat</em></strong></span> <span class='ocrx_word' id='word_1_286' title='bbox 1181 3171 1266 3223; x_wconf 83' lang='lat' dir='ltr'><strong><em>verba</em></strong></span> <span class='ocrx_word' id='word_1_287' title='bbox 1289 3170 1352 3224; x_wconf 84' lang='lat' dir='ltr'><strong><em>fidei</em></strong></span> <span class='ocrx_word' id='word_1_288' title='bbox 1372 3175 1392 3224; x_wconf 87' lang='lat' dir='ltr'><strong><em>et</em></strong></span> 
     </span>
     <span class='ocr_line' id='line_1_30' title="bbox 176 3266 306 3321; baseline 0.008 -1"><span class='ocrx_word' id='word_1_289' title='bbox 176 3266 306 3321; x_wconf 84' lang='lat' dir='ltr'><strong><em>veritatis.</em></strong></span> 
     </span>
    </p>

    <p class='ocr_par' dir='ltr' id='par_1_5' title="bbox 174 3365 1392 4518">
     <span class='ocr_line' id='line_1_31' title="bbox 218 3365 1392 3435; baseline -0.003 -12"><span class='ocrx_word' id='word_1_290' title='bbox 218 3365 252 3423; x_wconf 79' lang='lat'><strong><em>7.</em></strong></span> <span class='ocrx_word' id='word_1_291' title='bbox 280 3366 387 3419; x_wconf 84' lang='lat' dir='ltr'><strong><em>Interea</em></strong></span> <span class='ocrx_word' id='word_1_292' title='bbox 401 3365 517 3418; x_wconf 86' lang='lat' dir='ltr'><strong><em>Paterno</em></strong></span> <span class='ocrx_word' id='word_1_293' title='bbox 531 3365 652 3419; x_wconf 88' lang='lat' dir='ltr'><strong><em>Galerius</em></strong></span> <span class='ocrx_word' id='word_1_294' title='bbox 664 3365 798 3419; x_wconf 84' lang='lat' dir='ltr'><strong><em>Maximus</em></strong></span> <span class='ocrx_word' id='word_1_295' title='bbox 815 3365 952 3429; x_wconf 90' lang='lat' dir='ltr'><strong><em>successit,</em></strong></span> <span class='ocrx_word' id='word_1_296' title='bbox 965 3367 1118 3434; x_wconf 89' lang='lat' dir='ltr'><strong><em>adeptoque</em></strong></span> <span class='ocrx_word' id='word_1_297' title='bbox 1139 3365 1250 3418; x_wconf 89' lang='lat' dir='ltr'><strong><em>nomine</em></strong></span> <span class='ocrx_word' id='word_1_298' title='bbox 1263 3365 1392 3435; x_wconf 77' lang='lat' dir='ltr'><strong><em>dignitati</em></strong></span> 
     </span>
     <span class='ocr_line' id='line_1_32' title="bbox 176 3462 1392 3533; baseline -0.002 -15"><span class='ocrx_word' id='word_1_299' title='bbox 176 3464 290 3519; x_wconf 88' lang='lat' dir='ltr'><strong><em>coheres</em></strong></span> <span class='ocrx_word' id='word_1_300' title='bbox 299 3463 414 3517; x_wconf 86' lang='lat' dir='ltr'><strong><em>efficitur</em></strong></span> <span class='ocrx_word' id='word_1_301' title='bbox 425 3462 578 3533; x_wconf 83' lang='lat' dir='ltr'><strong><em>impietatis.</em></strong></span> <span class='ocrx_word' id='word_1_302' title='bbox 590 3463 734 3517; x_wconf 88' lang='lat' dir='ltr'><strong><em>Sacrorum</em></strong></span> <span class='ocrx_word' id='word_1_303' title='bbox 747 3480 855 3533; x_wconf 89' lang='lat' dir='ltr'><strong><em>quoque</em></strong></span> <span class='ocrx_word' id='word_1_304' title='bbox 864 3463 978 3517; x_wconf 89' lang='lat' dir='ltr'><strong><em>numina</em></strong></span> <span class='ocrx_word' id='word_1_305' title='bbox 989 3462 1053 3516; x_wconf 90' lang='lat' dir='ltr'><strong><em>huic</em></strong></span> <span class='ocrx_word' id='word_1_306' title='bbox 1061 3464 1208 3516; x_wconf 86' lang='lat' dir='ltr'><strong><em>creduntur</em></strong></span> <span class='ocrx_word' id='word_1_307' title='bbox 1220 3463 1392 3517; x_wconf 85' lang='lat' dir='ltr'><strong><em>defendenda</em></strong></span> 
     </span>
     <span class='ocr_line' id='line_1_33' title="bbox 176 3561 1392 3631; baseline -0.002 -14"><span class='ocrx_word' id='word_1_308' title='bbox 176 3567 207 3618; x_wconf 90' lang='lat' dir='ltr'><strong><em>ut</em></strong></span> <span class='ocrx_word' id='word_1_309' title='bbox 217 3562 313 3617; x_wconf 80' lang='lat' dir='ltr'><strong><em>saltem</em></strong></span> <span class='ocrx_word' id='word_1_310' title='bbox 325 3562 451 3616; x_wconf 88' lang='lat' dir='ltr'><strong><em>morituri</em></strong></span> <span class='ocrx_word' id='word_1_311' title='bbox 470 3562 590 3615; x_wconf 91' lang='lat' dir='ltr'><strong><em>hominis</em></strong></span> <span class='ocrx_word' id='word_1_312' title='bbox 608 3562 751 3616; x_wconf 85' lang='lat' dir='ltr'><strong><em>iufirmitas</em></strong></span> <span class='ocrx_word' id='word_1_313' title='bbox 771 3563 904 3616; x_wconf 87' lang='lat' dir='ltr'><strong><em>detineret</em></strong></span> <span class='ocrx_word' id='word_1_314' title='bbox 924 3579 985 3631; x_wconf 87' lang='lat' dir='ltr'><strong><em>quae</em></strong></span> <span class='ocrx_word' id='word_1_315' title='bbox 1008 3561 1169 3615; x_wconf 71' lang='lat' dir='ltr'><strong><em>orthodoxae</em></strong></span> <span class='ocrx_word' id='word_1_316' title='bbox 1184 3562 1248 3615; x_wconf 84' lang='lat' dir='ltr'><strong><em>fidei</em></strong></span> <span class='ocrx_word' id='word_1_317' title='bbox 1269 3562 1392 3615; x_wconf 75' lang='lat' dir='ltr'><strong><em>fortitude</em></strong></span> 
     </span>
     <span class='ocr_line' id='line_1_34' title="bbox 176 3660 1392 3732; baseline -0.001 -17"><span class='ocrx_word' id='word_1_318' title='bbox 176 3661 346 3732; x_wconf 87' lang='lat' dir='ltr'><strong><em>deprimeret.</em></strong></span> <span class='ocrx_word' id='word_1_319' title='bbox 356 3661 480 3728; x_wconf 87' lang='lat' dir='ltr'><strong><em>Quorum</em></strong></span> <span class='ocrx_word' id='word_1_320' title='bbox 491 3660 679 3729; x_wconf 85' lang='lat' dir='ltr'><strong><em>extirpationis</em></strong></span> <span class='ocrx_word' id='word_1_321' title='bbox 690 3665 756 3713; x_wconf 87' lang='lat' dir='ltr'><strong><em>nota</em></strong></span> <span class='ocrx_word' id='word_1_322' title='bbox 765 3660 898 3730; x_wconf 82' lang='lat' dir='ltr'><strong><em>Cypriane</em></strong></span> <span class='ocrx_word' id='word_1_323' title='bbox 910 3660 1066 3729; x_wconf 90' lang='lat' dir='ltr'><strong><em>imponitur,</em></strong></span> <span class='ocrx_word' id='word_1_324' title='bbox 1086 3665 1114 3713; x_wconf 90' lang='lat' dir='ltr'><strong><em>et</em></strong></span> <span class='ocrx_word' id='word_1_325' title='bbox 1125 3660 1263 3714; x_wconf 82' lang='lat' dir='ltr'><strong><em>maximus</em></strong></span> <span class='ocrx_word' id='word_1_326' title='bbox 1287 3662 1392 3714; x_wconf 88' lang='lat' dir='ltr'><strong><em>deoruu</em></strong></span> 
     </span>
     <span class='ocr_line' id='line_1_35' title="bbox 176 3759 1391 3829; baseline -0.002 -15"><span class='ocrx_word' id='word_1_327' title='bbox 176 3760 263 3814; x_wconf 86' lang='lat' dir='ltr'><strong><em>hostis</em></strong></span> <span class='ocrx_word' id='word_1_328' title='bbox 279 3761 314 3814; x_wconf 87' lang='lat' dir='ltr'><strong><em>ab</em></strong></span> <span class='ocrx_word' id='word_1_329' title='bbox 332 3760 460 3814; x_wconf 85' lang='lat' dir='ltr'><strong><em>omnibus</em></strong></span> <span class='ocrx_word' id='word_1_330' title='bbox 479 3760 652 3813; x_wconf 85' lang='lat' dir='ltr'><strong><em>acclamatur.</em></strong></span> <span class='ocrx_word' id='word_1_331' title='bbox 661 3760 747 3828; x_wconf 90' lang='lat' dir='ltr'><strong><em>Super</em></strong></span> <span class='ocrx_word' id='word_1_332' title='bbox 757 3760 811 3814; x_wconf 87' lang='lat' dir='ltr'><strong><em>hoc</em></strong></span> <span class='ocrx_word' id='word_1_333' title='bbox 823 3759 932 3828; x_wconf 79' lang='lat' dir='ltr'><strong><em>negotio</em></strong></span> <span class='ocrx_word' id='word_1_334' title='bbox 955 3759 1111 3828; x_wconf 84' lang='lat' dir='ltr'><strong><em>proconsuli</em></strong></span> <span class='ocrx_word' id='word_1_335' title='bbox 1128 3761 1316 3829; x_wconf 87' lang='lat' dir='ltr'><strong><em>persuadetur,</em></strong></span> <span class='ocrx_word' id='word_1_336' title='bbox 1334 3759 1391 3828; x_wconf 89' lang='lat' dir='ltr'><strong><em>opti</em></strong></span> 
     </span>
     <span class='ocr_line' id='line_1_36' title="bbox 176 3858 1392 3928; baseline -0.001 -15"><span class='ocrx_word' id='word_1_337' title='bbox 176 3875 307 3928; x_wconf 91' lang='lat' dir='ltr'><strong><em>mumque</em></strong></span> <span class='ocrx_word' id='word_1_338' title='bbox 318 3859 426 3913; x_wconf 86' lang='lat' dir='ltr'><strong><em>videtur</em></strong></span> <span class='ocrx_word' id='word_1_339' title='bbox 445 3858 575 3927; x_wconf 76' lang='lat' dir='ltr'><strong><em>sanguine</em></strong></span> <span class='ocrx_word' id='word_1_340' title='bbox 590 3858 717 3927; x_wconf 86' lang='lat' dir='ltr'><strong><em>martyris</em></strong></span> <span class='ocrx_word' id='word_1_341' title='bbox 728 3859 794 3912; x_wconf 89' lang='lat' dir='ltr'><strong><em>deos</em></strong></span> <span class='ocrx_word' id='word_1_342' title='bbox 813 3858 922 3928; x_wconf 85' lang='lat' dir='ltr'><strong><em>placari.</em></strong></span> <span class='ocrx_word' id='word_1_343' title='bbox 943 3859 997 3912; x_wconf 90' lang='lat' dir='ltr'><strong><em>Nec</em></strong></span> <span class='ocrx_word' id='word_1_344' title='bbox 1009 3875 1095 3921; x_wconf 87' lang='lat' dir='ltr'><strong><em>mora,</em></strong></span> <span class='ocrx_word' id='word_1_345' title='bbox 1108 3859 1162 3912; x_wconf 92' lang='lat' dir='ltr'><strong><em>duo</em></strong></span> <span class='ocrx_word' id='word_1_346' title='bbox 1182 3875 1215 3912; x_wconf 83' lang='lat' dir='ltr'><strong><em>ex</em></strong></span> <span class='ocrx_word' id='word_1_347' title='bbox 1238 3858 1392 3913; x_wconf 80' lang='lat' dir='ltr'><strong><em>officialibu</em></strong></span> 
     </span>
     <span class='ocr_line' id='line_1_37' title="bbox 176 3955 1392 4026; baseline -0.002 -14"><span class='ocrx_word' id='word_1_348' title='bbox 176 3958 327 4013; x_wconf 89' lang='lat' dir='ltr'><strong><em>mittuntur.</em></strong></span> <span class='ocrx_word' id='word_1_349' title='bbox 340 3957 387 4010; x_wconf 92' lang='lat' dir='ltr'><strong><em>Vir</em></strong></span> <span class='ocrx_word' id='word_1_350' title='bbox 395 3957 445 4011; x_wconf 88' lang='lat' dir='ltr'><strong><em>Dei</em></strong></span> <span class='ocrx_word' id='word_1_351' title='bbox 457 3972 538 4010; x_wconf 89' lang='lat' dir='ltr'><strong><em>curru</em></strong></span> <span class='ocrx_word' id='word_1_352' title='bbox 549 3957 695 4009; x_wconf 78' lang='lat' dir='ltr'><strong><em>subvectus</em></strong></span> <span class='ocrx_word' id='word_1_353' title='bbox 712 3956 746 4010; x_wconf 90' lang='lat' dir='ltr'><strong><em>ad</em></strong></span> <span class='ocrx_word' id='word_1_354' title='bbox 763 3955 955 4026; x_wconf 87' lang='lat' dir='ltr'><strong><em>proconsulem</em></strong></span> <span class='ocrx_word' id='word_1_355' title='bbox 976 3956 1090 4020; x_wconf 86' lang='lat' dir='ltr'><strong><em>ducitur,</em></strong></span> <span class='ocrx_word' id='word_1_356' title='bbox 1107 3956 1187 4009; x_wconf 88' lang='lat' dir='ltr'><strong><em>Helia</em></strong></span> <span class='ocrx_word' id='word_1_357' title='bbox 1204 3972 1260 4010; x_wconf 89' lang='lat' dir='ltr'><strong><em>non</em></strong></span> <span class='ocrx_word' id='word_1_358' title='bbox 1279 3956 1392 4011; x_wconf 80' lang='lat' dir='ltr'><strong><em>inferior</em></strong></span> 
     </span>
     <span class='ocr_line' id='line_1_38' title="bbox 176 4053 1392 4125; baseline -0.001 -15"><span class='ocrx_word' id='word_1_359' title='bbox 176 4057 303 4111; x_wconf 86' lang='lat' dir='ltr'><strong><em>eunucho</em></strong></span> <span class='ocrx_word' id='word_1_360' title='bbox 311 4056 434 4125; x_wconf 90' lang='lat' dir='ltr'><strong><em>superior</em></strong></span> <span class='ocrx_word' id='word_1_361' title='bbox 446 4075 451 4108; x_wconf 95' lang='lat'><strong>:</strong></span> <span class='ocrx_word' id='word_1_362' title='bbox 464 4071 581 4124; x_wconf 89' lang='lat' dir='ltr'><strong><em>qnorum</em></strong></span> <span class='ocrx_word' id='word_1_363' title='bbox 591 4071 661 4109; x_wconf 89' lang='lat' dir='ltr'><strong><em>unus</em></strong></span> <span class='ocrx_word' id='word_1_364' title='bbox 673 4071 754 4108; x_wconf 89' lang='lat' dir='ltr'><strong><em>curru</em></strong></span> <span class='ocrx_word' id='word_1_365' title='bbox 774 4055 841 4108; x_wconf 88' lang='lat' dir='ltr'><strong><em>coelo</em></strong></span> <span class='ocrx_word' id='word_1_366' title='bbox 855 4053 1000 4118; x_wconf 89' lang='lat' dir='ltr'><strong><em>invehitur,</em></strong></span> <span class='ocrx_word' id='word_1_367' title='bbox 1016 4054 1084 4108; x_wconf 88' lang='lat' dir='ltr'><strong><em>alter</em></strong></span> <span class='ocrx_word' id='word_1_368' title='bbox 1104 4056 1137 4108; x_wconf 87' lang='lat' dir='ltr'><strong><em>de</em></strong></span> <span class='ocrx_word' id='word_1_369' title='bbox 1149 4070 1230 4109; x_wconf 90' lang='lat' dir='ltr'><strong><em>curru</em></strong></span> <span class='ocrx_word' id='word_1_370' title='bbox 1243 4054 1271 4108; x_wconf 90' lang='lat' dir='ltr'><strong><em>in</em></strong></span> <span class='ocrx_word' id='word_1_371' title='bbox 1290 4055 1392 4109; x_wconf 78' lang='lat' dir='ltr'><strong><em>Christe</em></strong></span> 
     </span>
     <span class='ocr_line' id='line_1_39' title="bbox 176 4152 1392 4224; baseline -0.001 -16"><span class='ocrx_word' id='word_1_372' title='bbox 176 4155 326 4210; x_wconf 86' lang='lat' dir='ltr'><strong><em>renascitur</em></strong></span> <span class='ocrx_word' id='word_1_373' title='bbox 338 4175 344 4208; x_wconf 92' lang='lat'>:</span> <span class='ocrx_word' id='word_1_374' title='bbox 354 4154 581 4224; x_wconf 84' lang='lat' dir='ltr'><strong><em>unuspropbetiae</em></strong></span> <span class='ocrx_word' id='word_1_375' title='bbox 592 4154 688 4224; x_wconf 88' lang='lat' dir='ltr'><strong><em>spiritu</em></strong></span> <span class='ocrx_word' id='word_1_376' title='bbox 698 4153 803 4222; x_wconf 89' lang='lat' dir='ltr'><strong><em>plenus,</em></strong></span> <span class='ocrx_word' id='word_1_377' title='bbox 819 4152 888 4206; x_wconf 89' lang='lat' dir='ltr'><strong><em>alter</em></strong></span> <span class='ocrx_word' id='word_1_378' title='bbox 907 4153 1038 4207; x_wconf 86' lang='lat' dir='ltr'><strong><em>castitatis</em></strong></span> <span class='ocrx_word' id='word_1_379' title='bbox 1058 4153 1192 4207; x_wconf 89' lang='lat' dir='ltr'><strong><em>munditia</em></strong></span> <span class='ocrx_word' id='word_1_380' title='bbox 1209 4158 1333 4215; x_wconf 88' lang='lat' dir='ltr'><strong><em>ornatus,</em></strong></span> <span class='ocrx_word' id='word_1_381' title='bbox 1350 4155 1392 4208; x_wconf 74' lang='lat' dir='ltr'><strong><em>iste</em></strong></span> 
     </span>
     <span class='ocr_line' id='line_1_40' title="bbox 176 4250 1392 4321; baseline 0 -15"><span class='ocrx_word' id='word_1_382' title='bbox 176 4251 298 4321; x_wconf 82' lang='lat' dir='ltr'><strong><em>martyrii</em></strong></span> <span class='ocrx_word' id='word_1_383' title='bbox 308 4251 394 4321; x_wconf 76' lang='lat' dir='ltr'><strong><em>gloria</em></strong></span> <span class='ocrx_word' id='word_1_384' title='bbox 405 4251 584 4305; x_wconf 88' lang='lat' dir='ltr'><strong><em>coronandus.</em></strong></span> <span class='ocrx_word' id='word_1_385' title='bbox 594 4252 633 4305; x_wconf 89' lang='lat' dir='ltr'><strong><em>De</em></strong></span> <span class='ocrx_word' id='word_1_386' title='bbox 642 4251 753 4304; x_wconf 90' lang='lat' dir='ltr'><strong><em>nomine</em></strong></span> <span class='ocrx_word' id='word_1_387' title='bbox 762 4267 826 4320; x_wconf 77' lang='lat' dir='ltr'><strong><em>erqo</em></strong></span> <span class='ocrx_word' id='word_1_388' title='bbox 839 4255 866 4304; x_wconf 93' lang='lat' dir='ltr'><strong><em>et</em></strong></span> <span class='ocrx_word' id='word_1_389' title='bbox 876 4250 1028 4305; x_wconf 88' lang='lat' dir='ltr'><strong><em>ministerio</em></strong></span> <span class='ocrx_word' id='word_1_390' title='bbox 1045 4251 1207 4320; x_wconf 89' lang='lat' dir='ltr'><strong><em>inquiritur:</em></strong></span> <span class='ocrx_word' id='word_1_391' title='bbox 1221 4251 1392 4306; x_wconf 81' lang='lat' dir='ltr'><strong><em>christianum</em></strong></span> 
     </span>
     <span class='ocr_line' id='line_1_41' title="bbox 177 4349 1392 4419; baseline 0 -17"><span class='ocrx_word' id='word_1_392' title='bbox 177 4352 205 4402; x_wconf 91' lang='lat' dir='ltr'><strong><em>et</em></strong></span> <span class='ocrx_word' id='word_1_393' title='bbox 218 4366 317 4419; x_wconf 89' lang='lat' dir='ltr'><strong><em>papam</em></strong></span> <span class='ocrx_word' id='word_1_394' title='bbox 337 4367 367 4404; x_wconf 91' lang='lat' dir='ltr'><strong><em>se</em></strong></span> <span class='ocrx_word' id='word_1_395' title='bbox 375 4366 434 4404; x_wconf 89' lang='lat' dir='ltr'><strong><em>esse</em></strong></span> <span class='ocrx_word' id='word_1_396' title='bbox 446 4351 597 4404; x_wconf 87' lang='lat' dir='ltr'><strong><em>confitetur.</em></strong></span> <span class='ocrx_word' id='word_1_397' title='bbox 609 4350 728 4417; x_wconf 75' lang='lat' dir='ltr'><strong><em>Quaslio</em></strong></span> <span class='ocrx_word' id='word_1_398' title='bbox 740 4350 774 4403; x_wconf 92' lang='lat' dir='ltr'><strong><em>de</em></strong></span> <span class='ocrx_word' id='word_1_399' title='bbox 783 4349 920 4403; x_wconf 88' lang='lat' dir='ltr'><strong><em>sacrificiis</em></strong></span> <span class='ocrx_word' id='word_1_400' title='bbox 932 4349 1035 4419; x_wconf 79' lang='lat' dir='ltr'><strong><em>agitur:</em></strong></span> <span class='ocrx_word' id='word_1_401' title='bbox 1048 4349 1089 4403; x_wconf 89' lang='lat' dir='ltr'><strong><em>vir</em></strong></span> <span class='ocrx_word' id='word_1_402' title='bbox 1100 4354 1210 4403; x_wconf 86' lang='lat' dir='ltr'><strong><em>sanctus</em></strong></span> <span class='ocrx_word' id='word_1_403' title='bbox 1228 4349 1392 4404; x_wconf 86' lang='lat' dir='ltr'><strong><em>cerimoniar</em></strong></span> 
     </span>
     <span class='ocr_line' id='line_1_42' title="bbox 174 4445 1392 4518; baseline 0.002 -17"><span class='ocrx_word' id='word_1_404' title='bbox 174 4446 292 4514; x_wconf 86' lang='lat' dir='ltr'><strong><em>jubetur,</em></strong></span> <span class='ocrx_word' id='word_1_405' title='bbox 304 4464 359 4501; x_wconf 89' lang='lat' dir='ltr'><strong><em>uon</em></strong></span> <span class='ocrx_word' id='word_1_406' title='bbox 372 4452 467 4502; x_wconf 86' lang='lat' dir='ltr'><strong><em>contra</em></strong></span> <span class='ocrx_word' id='word_1_407' title='bbox 478 4448 611 4518; x_wconf 87' lang='lat' dir='ltr'><strong><em>principes</em></strong></span> <span class='ocrx_word' id='word_1_408' title='bbox 623 4447 680 4512; x_wconf 90' lang='lat' dir='ltr'><strong><em>niti,</em></strong></span> <span class='ocrx_word' id='word_1_409' title='bbox 700 4447 785 4501; x_wconf 91' lang='lat' dir='ltr'><strong><em>immo</em></strong></span> <span class='ocrx_word' id='word_1_410' title='bbox 797 4446 950 4516; x_wconf 88' lang='lat' dir='ltr'><strong><em>principum</em></strong></span> <span class='ocrx_word' id='word_1_411' title='bbox 962 4445 1134 4515; x_wconf 87' lang='lat' dir='ltr'><strong><em>acquiescere</em></strong></span> <span class='ocrx_word' id='word_1_412' title='bbox 1144 4447 1271 4515; x_wconf 90' lang='lat' dir='ltr'><strong><em>jussioni.</em></strong></span> <span class='ocrx_word' id='word_1_413' title='bbox 1283 4448 1338 4503; x_wconf 86' lang='lat' dir='ltr'><strong><em>Sed</em></strong></span> <span class='ocrx_word' id='word_1_414' title='bbox 1356 4463 1392 4517; x_wconf 90' lang='lat' dir='ltr'><strong><em>qu</em></strong></span> 
     </span>
    </p>
   </div>
   <div class='ocr_carea' id='block_1_3' title="bbox 209 4660 1140 4728">
    <p class='ocr_par' dir='ltr' id='par_1_6' title="bbox 209 4660 1140 4728">
     <span class='ocr_line' id='line_1_43' title="bbox 209 4660 1140 4728; baseline -0.001 -14"><span class='ocrx_word' id='word_1_415' title='bbox 209 4660 220 4695; x_wconf 86' lang='lat'><em>¹</em></span> <span class='ocrx_word' id='word_1_416' title='bbox 232 4662 286 4728; x_wconf 73' lang='lat' dir='ltr'><strong><em>leae</em></strong></span> <span class='ocrx_word' id='word_1_417' title='bbox 297 4660 471 4715; x_wconf 85' lang='lat' dir='ltr'><strong><em>Cumbitana.</em></strong></span> <span class='ocrx_word' id='word_1_418' title='bbox 483 4691 515 4698; x_wconf 99' lang='lat'><em>-</em></span> <span class='ocrx_word' id='word_1_419' title='bbox 527 4661 585 4715; x_wconf 70' lang='lat' dir='ltr'><strong><em>&#39;ita</em></strong></span> <span class='ocrx_word' id='word_1_420' title='bbox 595 4663 727 4725; x_wconf 78' lang='lat' dir='ltr'><strong><em>cod.104,·</em></strong></span> <span class='ocrx_word' id='word_1_421' title='bbox 740 4664 768 4714; x_wconf 89' lang='lat' dir='ltr'><strong><em>in</em></strong></span> <span class='ocrx_word' id='word_1_422' title='bbox 779 4663 835 4714; x_wconf 87' lang='lat' dir='ltr'><strong><em>cod.</em></strong></span> <span class='ocrx_word' id='word_1_423' title='bbox 843 4664 937 4716; x_wconf 82' lang='lat'><em>98·100</em></span> <span class='ocrx_word' id='word_1_424' title='bbox 945 4678 1014 4714; x_wconf 86' lang='lat' dir='ltr'><strong><em>corr.</em></strong></span> <span class='ocrx_word' id='word_1_425' title='bbox 1024 4660 1140 4714; x_wconf 84' lang='lat' dir='ltr'><strong><em>deesset.</em></strong></span> 
     </span>
    </p>
   </div>
   <div class='ocr_carea' id='block_1_4' title="bbox 0 0 1586 5392">
    <p class='ocr_par' dir='ltr' id='par_1_7' title="bbox 0 0 1586 5392">
     <span class='ocr_line' id='line_1_44' title="bbox 0 0 1586 5392; baseline 0 0"><span class='ocrx_word' id='word_1_426' title='bbox 0 0 1586 5392; x_wconf 95' lang='lat' dir='ltr'><strong><em> </em></strong></span> 
     </span>
    </p>
   </div>
  </div>
 </body>
</html>
