3142 5392
336 353 429 410 amn.
455 347 536 408 nuc.
563 348 736 410 usuram„
763 378 809 387 —
836 350 916 409 coo.
943 339 982 409 ri0
1007 352 1130 409 star-as.
1282 327 1353 411 547

137 532 255 622 tustinus
266 558 296 608 et
306 554 428 624 legentes
437 568 471 606 ex
483 550 575 606 verbis
587 551 622 604 ad
631 565 754 604 amorem
768 549 854 603 sancti
866 549 1004 619 pontilicis
1014 550 1161 605 incitentur
1173 556 1200 605 et
1212 552 1355 606 audientes

138 654 242 707 rsonis
255 653 290 707 ad
299 653 476 708 devotionern
490 649 711 720 compunctionis
723 654 915 719 provocentur.
925 650 1045 705 Obsecro
1052 651 1111 719 jam

220 780 284 853 59⁰
310 780 441 871 [Prosa
456 780 500 853 de
518 782 649 852 sancto
662 774 834 869 Martin0]
852 776 929 868 (iol.
950 777 1164 870 auu-uas).

220 967 362 1021 Excitetur
374 966 452 1036 plebs
467 966 568 1020 devota

220 1066 255 1120 Et
267 1065 392 1120 intendat
404 1071 498 1121 mente
510 1069 569 1119 tota

253 1164 361 1219 Martini
374 1164 520 1234 praeconio.

221 1361 415 1417 consessorem
426 1376 601 1424 veneremur3

222 1459 311 1528 Quem
324 1461 348 1515 si
359 1460 441 1530 digne
453 1460 623 1523 confitemur,

255 1560 357 1614 Laudis
369 1565 411 1615 est
420 1559 564 1615 consessio¹

223 1760 247 1814 0
259 1760 422 1830 praeclarum
432 1760 514 1828 jubar
526 1758 594 1813 lucis

223 1858 315 1926 Quam
328 1859 356 1913 in
368 1859 478 1914 laudem
491 1859 592 1913 summi
605 1856 683 1912 ducis

258 1959 292 2013 Et
303 1960 438 2014 honorem
452 1958 548 2014 militis

223 2157 295 2212 Cleri
309 2173 374 2212 cura
386 2157 425 2212 sic
434 2158 570 2227 expendit

225 2256 305 2323 Quod
318 2257 448 2311 devotam
460 2255 545 2325 se[se]
559 2257 572 2288 *
585 2256 661 2311 dedit

257 2356 314 2410 Viri
327 2357 396 2410 tanti
409 2357 524 2411 meritis,

223 2555 340 2609 Gemma
353 2555 459 2624 fulgens
472 2556 669 2617 confessorum,

224 2655 306 2708 Sidus
321 2654 395 2717 cleri,
406 2655 458 2708 flos
470 2656 623 2716 doctorum,

224 2753 361 2822 Singulari
373 2754 434 2808 luce
448 2770 556 2808 morum

259 2851 390 2906 llllustrat
401 2851 559 2906 Ecclesiam.

224 3051 296 3105 Audi
308 3065 401 3106 mores
412 3057 440 3105 et
451 3051 560 3113 mirare,

225 3150 283 3205 Viri
296 3152 381 3205 vitam
395 3149 512 3213 imitare,

225 3251 258 3305 ut
270 3251 309 3305 sic
321 3256 400 3320 potes
412 3250 556 3305 immolare

257 3350 369 3405 Gratum
383 3350 471 3405 laudis
482 3350 610 3405 bostium.

224 3549 275 3605 Hic
287 3566 304 3603 a
316 3550 394 3605 cunis
406 3566 477 3604 curae
489 3550 565 3605 mitis

223 3651 257 3704 Et
269 3649 402 3705 virtutum
415 3650 540 3720 insopitis

256 3749 419 3820 Indulgebat
429 3749 535 3805 studiis.

222 3947 350 4003 Nondum
363 3954 457 4003 tamen
469 3964 518 4003 uas
529 3948 676 4019 signatum,

221 4046 277 4100 Vas
289 4047 374 4102 acetis
386 4047 558 4111 defaecatum,

254 4145 402 4204 Parentum
415 4147 557 4216 contagiis.

223 4343 273 4398 Vix
285 4361 303 4398 a
315 4345 385 4399 lacte
398 4350 594 4415 sequestratur,

222 4442 292 4497 Cum
306 4459 427 4499 errorem
440 4446 593 4500 detestatur

254 4542 359 4598 Natalis
371 4544 528 4600 Pannoniae.

840 963 882 1018 Fit
894 964 1000 1032 paterni
1012 970 1119 1034 spretor
1131 967 1229 1032 cultus,

841 1063 891 1116 Dei
903 1063 990 1117 cultor
1003 1068 1030 1117 et
1041 1065 1165 1119 occultus

874 1163 989 1218 Amator
1000 1163 1136 1218 Ecclesiae.

841 1358 877 1412 Ut
888 1364 1020 1428 praetexta
1031 1365 1101 1430 topoe
1113 1360 1201 1422 cessit,

842 1457 889 1510 Vir
899 1459 1021 1525 eftectus,
1033 1475 1138 1512 morem
1151 1458 1234 1525 gessit

872 1556 980 1611 Militari
993 1557 1109 1626 cingulo.

843 1757 999 1826 Numquam
1013 1762 1106 1812 tamen
1117 1763 1159 1812 est
1171 1758 1271 1822 elatum

843 1856 885 1910 Fit
895 1856 1028 1921 minister,
1040 1857 1086 1926 qui
1099 1857 1235 1926 praelatus.

874 1956 1040 2011 Dominante
1053 1957 1166 2012 lamulo.

843 2155 951 2209 Nudum
965 2156 1039 2210 videt
1051 2161 1078 2210 et
1090 2157 1229 2217 medetur:

843 2256 896 2308 Sed
909 2255 1007 2309 eodem
1020 2272 1049 2308 se
1061 2256 1162 2310 latetur

876 2354 1000 2409 Christus
1013 2356 1066 2423 tegi
1078 2355 1169 2424 pallio.

843 2553 941 2608 Munus
952 2554 1063 2622 prande,
1075 2568 1176 2608 munus
1187 2559 1305 2624 gratum.

842 2652 922 2720 Quod
935 2652 1066 2722 probatur
1078 2655 1301 2709 commendatum

876 2752 965 2806 Tanto
978 2753 1145 2807 testimonio.

842 2951 914 3005 Dum
927 2966 1059 3006 romanus
1069 2951 1215 3015 militabat,

841 3050 932 3105 Unum
947 3067 1018 3106 unus
1027 3052 1195 3116 attentabat;

842 3149 895 3202 Sed
907 3165 1056 3204 conversus
1068 3155 1163 3219 pectus
1175 3150 1259 3204 dabat

875 3249 955 3303 Solus
968 3250 1058 3304 virurn
1071 3249 1200 3305 millibus.

841 3448 946 3502 Ducem
958 3448 1061 3517 sprevit
1072 3447 1221 3513 lulianum,

839 3547 947 3617 Sprevit
958 3547 1051 3603 Martis
1061 3548 1106 3617 jus
1119 3549 1273 3618 profanum,

840 3647 875 3702 Se
887 3648 1026 3718 protessus
1039 3648 1219 3704 christianum

875 3749 1029 3802 immunem
1043 3765 1059 3802 a
1071 3749 1198 3804 caedibus.

841 3947 935 4002 Mundi
947 3963 1078 4017 pompam
1090 3953 1258 4017 aspemntur,

838 4046 948 4101 Christo
960 4046 1040 4101 miles
1052 4052 1228 4102 consecratur
1234 4067 1241 4113 ;

838 4145 942 4201 Praesul
954 4145 1042 4201 iactus
1054 4153 1147 4216 pastor
1159 4148 1240 4202 datur

871 4245 948 4300 Plebi
961 4246 1172 4302 Turonensium.

840 4444 899 4499 Hoc
912 4450 1021 4514 pastore
1033 4445 1108 4500 fraus
1120 4446 1237 4516 expavit,

839 4544 923 4599 Liuor
934 4545 1023 4610 cessit,
1035 4545 1069 4599 lis
1081 4546 1205 4610 cessarit,

838 4645 923 4714 Cujus
935 4644 1015 4699 lavor
1026 4644 1167 4715 soporavit

871 4745 1045 4800 Condatense
1052 4745 1181 4815 jurgium.
