3142 5392
259 249 332 323 344
595 271 721 325 orme.
747 272 852 324 cono.
879 273 1160 327 nroroonrrmc.

531 569 637 656 LIII.
666 569 792 656 codex
817 571 1006 682 signatus
1033 592 1078 656 n⁰
1105 573 1233 661 2740.

293 807 432 861 Foliorum
447 809 502 872 1⁹20,
514 808 609 859 formoe
621 807 736 860 mInoris
745 808 850 873 (οΝ.Ιῶ
862 816 886 866 ><
898 808 975 873 Odi),
985 808 1064 861 lineis
1073 808 1161 878 plenis
1173 808 1246 878 stylo
1254 809 1371 879 plumbeo
1377 811 1446 875 ductis
1525 832 1559 878 t:-

261 912 388 961 exaratus
405 907 497 960 secuto
509 907 577 960 XIV.
595 906 677 961 Tituli
696 906 781 961 minio
797 907 934 975 descripti,
952 907 1049 961 litterae
1068 907 1186 962 Initiates
1204 908 1291 963 miuio
1307 910 1348 964 rel
1356 911 1449 977 centn
1540 934 1556 953 ,-

260 1004 399 1059 nonnuitae
408 1006 499 1059 sobrie
516 1010 627 1070 ornatas,
639 1005 727 1074 prima
739 1022 805 1060 vero
818 1006 944 1060 omnium
963 1005 1021 1070 (fol.
1035 1007 1068 1071 1¹)
1080 1007 1169 1076 magis
1181 1007 1327 1062 artificiose
1337 1010 1451 1079 etqutn

260 1103 412 1157 admodum
421 1102 508 1171 perita
521 1118 613 1155 manu.
749 1174 751 1178 Α

294 1203 407 1256 Tabetta
418 1207 577 1271 tegumento
590 1202 718 1256 exteriori
728 1202 852 1272 Incupite
862 1203 964 1257 codicis
974 1204 1057 1257 affixa
1069 1203 1196 1269 (omnino
1211 1205 1309 1261 eadem
1320 1206 1411 1262 ratione
1420 1222 1458 1277 qn

261 1303 348 1357 codici
356 1304 421 1364 581;
440 1302 487 1355 cir.
504 1318 586 1370 supra
603 1319 662 1371 pag.
680 1303 739 1366 uu)
759 1302 871 1355 exhibet
884 1303 960 1356 huuc
972 1303 1090 1366 titulum,
1103 1319 1189 1359 manu
1211 1306 1298 1360 secuti
1314 1306 1387 1360 XIV:
1401 1310 1462 1361 Actu

260 1405 384 1469 fratrum
401 1404 612 1456 Predieatorum.
625 1404 658 1455 Iu
674 1403 888 1456 Korsseudonck.
898 1402 1027 1469 Ejusdem
1037 1403 1126 1456 aetatis
1135 1408 1201 1458 sunt
1212 1410 1287 1459 notre
1298 1422 1359 1475 quae
1368 1406 1466 1476 lessuntu

261 1503 291 1556 iu
309 1501 375 1555 folio
393 1502 510 1555 insiticio
528 1501 556 1554 in
574 1503 663 1568 capite
681 1501 799 1554 codicis:
812 1503 895 1555 Liber
909 1504 1108 1555 Gauorricorum
1120 1506 1296 1570 reputor-ium
1308 1505 1353 1571 [iu
1365 1507 1469 1561 nm

262 1602 454 1670 dorrclclprope.
466 1603 607 1655 Turuirout
618 1604 744 1668 partium
756 1601 913 1654 Braboutr'u
923 1605 951 1654 et
963 1600 991 1654 in
1002 1600 1057 1654 fine
1072 1601 1158 1655 totius
1169 1602 1332 1672 scriptionis
1341 1605 1395 1669 (rot
1403 1607 1475 1672 int:

263 1701 387 1768 Scriptus
403 1718 435 1752 uc
450 1702 545 1766 finitus
557 1718 610 1767 per
621 1717 719 1754 urauus
730 1701 832 1765 fratris
841 1702 965 1753 Adriani
977 1701 1059 1753 Pauli
1071 1703 1102 1754 de
1115 1702 1281 1770 Antrcrpr'a.
1290 1703 1413 1759 Manibus
1426 1720 1478 1759 reru

263 1798 469 1864 recentioribus,
486 1798 569 1852 seculi
581 1798 642 1851 XVI
657 1804 685 1852 et
701 1798 785 1851 seculi
800 1799 881 1861 XVII,
894 1798 1029 1852 debentur
1039 1804 1112 1853 notae
1124 1816 1186 1868 quae
1200 1800 1344 1871 inscriptos
1355 1804 1482 1859 suntiotiu

263 1898 378 1952 intortus
395 1902 552 1966 tegumento
570 1898 752 1967 agglutmabs
770 1897 896 1951 videlicet
908 1899 936 1952 in
949 1899 1037 1966 capite
1049 1898 1152 1953 codicis
1164 1900 1279 1954 numeri
1292 1902 1393 1957 reret
1399 1906 1450 1970 1⁶7,
1457 1902 1486 1957 sd

263 1996 367 2050 calcem
379 2014 463 2050 vero:
481 1999 602 2050 Marinus
614 2015 631 2049 α
643 1998 739 2049 Bar-eu
759 1998 962 2050 Turuoutunus.
980 1998 1147 2063 Annorum,
1164 2001 1193 2051 et
1211 2000 1367 2055 recentiori
1382 2000 1491 2057 etium'n

262 2096 331 2151 folio
340 2096 457 2150 insiticio
468 2112 547 2149 verso
558 2115 563 2149 :
575 2098 705 2149 Canorricr'
714 2097 863 2163 Repulores
872 2098 903 2149 de
915 2097 1115 2149 Gorsseudonct·
1126 2113 1167 2150 me
1175 2105 1312 2153 utuntur.

298 2196 479 2251 Continentur
490 2195 518 2249 iu
533 2212 566 2249 eo
578 2195 680 2259 codice,
690 2201 720 2249 ut
729 2194 905 2264 inscriptione
915 2211 997 2264 supra
1009 2195 1091 2248 citata
1102 2194 1260 2251 indicetur:

362 2394 479 2467 Actus
497 2394 669 2466 Fratrum
687 2391 990 2465 Praedicatorum.

296 2525 378 2581 Liber
388 2522 633 2577 videlieetGerardi
643 2523 677 2576 de
694 2523 828 2575 Fracheto
846 2525 887 2575 De
904 2525 968 2575 uitis
986 2524 1116 2589 fratrum,
1128 2524 1163 2577 de
1175 2541 1235 2593 quo
1249 2527 1303 2582 cfr.
1313 2545 1381 2598 quse
1392 2531 1505 2585 dminus

265 2627 293 2681 in
314 2626 408 2680 codice
428 2623 601 2678 Gandaveusi
620 2623 670 2676 534
689 2621 733 2687 (l).
754 2622 815 2675 iam
836 2621 859 2674 si
880 2622 1036 2675 conteratur
1057 2623 1144 2677 codex
1167 2629 1269 2680 noster
1298 2644 1371 2683 curn
1395 2631 1509 2687 edition

264 2726 298 2779 R.
307 2726 336 2779 P.
346 2724 469 2778 Cormier
477 2723 561 2792 prelo,
577 2727 608 2775 ut
619 2721 703 2785 aiunt,
715 2720 911 2790 autographico
925 2736 1059 2789 expressa,
1071 2738 1132 2790 quae
1144 2738 1245 2777 recens
1266 2728 1379 2795 prodiit
1390 2729 1510 2785 Mamilia

264 2824 350 2892 (1875,
361 2823 436 2885 init
446 2840 489 2890 pp.
496 2822 564 2887 uon),
573 2820 708 2888 imprimis
718 2818 868 2871 advertitur
877 2819 991 2872 omnino
1007 2818 1143 2873 diversam
1156 2820 1185 2874 in
1198 2822 1303 2877 codiee
1313 2826 1437 2895 reperiri
1449 2829 1513 2884 diri·

264 2922 370 2976 sionem
383 2923 500 2991 partium
512 2926 539 2975 et
548 2921 683 2989 cupitum:
696 2936 761 2972 nam
771 2935 856 2987 quum
866 2923 940 2973 totus
949 2919 1018 2973 liber
1028 2919 1140 2973 Gerurdi
1151 2920 1179 2973 in
1189 2921 1326 2978 editione
1339 2925 1372 2980 P.
1382 2927 1514 2991 Gormier,

264 3022 336 3075 sicut
353 3021 381 3074 in
402 3022 529 3074 Duucena
553 3025 580 3074 et
600 3020 629 3073 in
653 3018 746 3073 codice
771 3018 952 3081 Gaudes-ensi
975 3018 1095 3088 quinque
1117 3019 1247 3087 partibus
1272 3024 1468 3091 contineatur,
1488 3027 1515 3081 iu

264 3120 359 3174 codice
377 3120 580 3188 distinguuntur
596 3123 686 3188 partes
703 3135 760 3172 non
777 3117 870 3171 minus
882 3117 976 3185 viginti
988 3133 1044 3178 sex.
1056 3122 1154 3186 praeter
1166 3117 1314 3185 ultimum,
1327 3139 1390 3192 que
1402 3126 1516 3180 retertur

268 3221 419 3274 Ctrronirou
438 3221 559 3284 Ordinis,
577 3219 651 3288 quod
669 3217 750 3286 vulgo
762 3217 873 3271 Gerardi
886 3217 1069 3270 lucubrationi
1090 3217 1259 3274 adnectitur.
1280 3221 1409 3293 Propius
1422 3225 1517 3280 deinde

265 3320 472 3390 inspicientibus
480 3319 558 3372 tacite
568 3320 675 3372 constat
684 3317 711 3369 in
720 3317 813 3370 codice
823 3315 972 3384 descriptas
983 3316 1173 3370 tantummodo
1183 3333 1249 3371 esse
1257 3321 1402 3377 ediIionts
1410 3325 1518 3381 Corme·

266 3420 350 3473 rianae
362 3425 452 3488 partes
464 3436 491 3472 m
500 3419 570 3485 (cod.
580 3423 647 3488 part.
659 3417 766 3483 uxum)
779 3420 806 3470 et
818 3433 835 3464 v
848 3417 918 3482 (cod.
928 3421 996 3485 part
1008 3416 1142 3481 xix-xxm)
1156 3420 1184 3470 et
1195 3424 1343 3486 praeterea
1363 3441 1401 3479 ex
1421 3432 1518 3496 parter

267 3536 324 3589 cap.
336 3520 377 3571 1-5
387 3519 456 3583 (cod.
468 3522 638 3587 pa1·t.1)‚non
651 3517 743 3586 paucis
753 3517 792 3583 (in
804 3516 856 3568 hac
868 3516 957 3583 primu
969 3518 1057 3584 purte)
1070 3517 1267 3584 praetenuissIs
1281 3522 1331 3575 vel
1347 3524 1378 3578 In
1391 3542 1518 3596 compen·

266 3618 343 3673 dium
351 3618 475 3672 redactis.
485 3646 515 3655 -
527 3620 674 3672 chronicon
686 3619 799 3670 Ordinis
808 3617 941 3684 integrum
952 3615 1093 3683 subjicitur
1103 3622 1133 3669 ut
1142 3616 1171 3669 in
1180 3617 1313 3675 editione
1324 3622 1520 3691 Cormeriuna,

266 3716 316 3768 sed
325 3715 363 3769 illi
372 3715 517 3782 subjuncta
525 3731 579 3768 non
589 3719 653 3769 sunt
662 3717 764 3768 Addua
770 3721 832 3783 post
841 3716 1054 3782 compilationem
1059 3716 1186 3783 pruritui
1194 3717 1288 3773 tiberii
1299 3725 1332 3775 et
1345 3723 1406 3778 ulta
1418 3742 1481 3795 qure
1492 3725 1519 3779 in

267 3830 301 3867 ea
310 3814 429 3868 editione
441 3812 575 3881 leguntur,
586 3830 611 3881 p.
624 3813 742 3865 est-nni.

302 4026 338 4092 (l)
349 4029 468 4081 Auriect.
480 4028 556 4092 sort,
565 4030 632 4079 tom.
644 4026 690 4089 ΙΙΙ,
700 4042 743 4094 pp.
752 4025 809 4089 909,
818 4026 875 4078 210.
