3142 5392
168 312 243 385 iiii
500 336 626 390 cirin.
653 339 756 393 conn.
781 340 1061 399 niuioussrfflc.

222 521 299 605 [VI.
322 532 374 589 ne
395 531 618 594 diversorum
638 535 911 599 infortuniorum
930 541 1200 605 liberationibus
1211 564 1219 604 ε
1230 544 1298 629 xii]

213 733 293 792 1³7.
313 739 440 808 Sequitur
456 747 534 796 sexta
545 744 628 811 hujus
639 745 762 812 opusculi
780 746 926 814 distinctio,
943 767 1013 818 qua,
1026 753 1061 806 de
1073 754 1246 809 curationibus
1257 755 1330 809 disere
1396 756 1415 789 ·“’·

169 845 230 886 rum
248 833 458 890 infortuniorum
471 843 499 891 et
509 838 671 908 languorum
689 858 779 910 agens,
791 849 895 912 quanta
911 847 999 915 gratia
1016 853 1045 902 et
1062 848 1162 903 virtute
1178 850 1260 904 ancilla
1271 850 1332 903 ursi
1397 854 1406 887 ²

169 933 376 988 confirmatione
393 939 584 991 sacramentali
601 939 736 1002 claruerit,
748 945 868 997 ostendit
885 963 891 997 :
908 962 971 999 cum
993 963 1049 1000 non
1069 947 1333 1018 sclumadsinpiaai
1397 952 1414 985 ἵ

169 1032 244 1085 etad
261 1033 354 1087 omnia
364 1051 426 1102 quie
439 1052 580 1090 occurrere
596 1046 717 1107 possunt,
735 1047 832 1110 potens
844 1044 872 1096 in
884 1045 1001 1099 Domino
1014 1051 1041 1099 ei
1053 1046 1154 1100 habilis
1165 1048 1218 1117 ipsa
1226 1049 1350 1111 braina
1399 1052 1415 1083 s·

170 1133 203 1186 Et
220 1135 248 1186 in
266 1133 319 1187 boc
331 1136 476 1204 respondet
492 1137 553 1190 V11⁰
565 1139 684 1207 capitulo
701 1142 781 1208 primi
798 1142 869 1208 libri,
885 1145 932 1198 ubi
950 1147 978 1199 in
990 1152 1164 1200 sacramento
1180 1147 1335 1202 confirmationis
1408 1142 1415 1184 Ἰ

170 1233 262 1286 desua
274 1234 406 1288 electione
415 1236 453 1289 sic
463 1237 610 1291 certificata
622 1244 652 1293 ut
663 1239 744 1293 nullis
756 1240 969 1312 impingentibus
980 1246 1126 1300 eventibus
1137 1263 1212 1301 meus
1218 1248 1335 1316 ejusmoni
1402 1248 1415 1280 '··'

168 1332 266 1402 potuit.
1404 1374 1407 1379 .

214 1431 293 1490 138.
317 1433 368 1489 De
390 1433 572 1491 calculosa
585 1435 727 1493 curata.
747 1441 778 1494 ln
798 1456 867 1508 pugo
887 1439 1044 1508 Magantino
1064 1441 1165 1495 mulier
1181 1442 1337 1510 quaedan,in
1406 1444 1415 1477 ἵ

170 1531 289 1596 nomine,
301 1549 339 1586 xn
351 1534 430 1587 annis
442 1534 536 1588 calculi
549 1536 647 1589 morbo
656 1535 808 1590 laborabat.
820 1536 887 1603 Qua
896 1553 959 1590 cum
972 1553 999 1590 vr
1011 1537 1362 1606 hebdomadibustanpnnii
1406 1540 1415 1573 '-

169 1631 387 1700 teraiiliqeretnr
398 1638 428 1687 ut
439 1650 521 1702 super
532 1635 648 1688 miseriis
667 1636 726 1703 ejus
744 1640 801 1690 tota
821 1635 921 1690 vicinia
939 1642 1108 1701 moveretur,
1129 1637 1199 1691 cirea
1216 1636 1339 1691 Natisitiien

169 1726 242 1781 beati
251 1730 383 1784 Johanuis
392 1731 520 1800 Baptista
531 1736 588 1786 tolo
598 1734 679 1787 corde
688 1750 819 1787 conversa
827 1735 862 1787 ad
871 1734 995 1787 Domina
1003 1734 1162 1804 lantgravius
1171 1736 1288 1789 Elisabeth
1296 1735 1341 1787 iun

168 1827 314 1895 cntionem,
325 1831 445 1898 projecto
455 1830 559 1885 calculo
570 1832 665 1885 eadem
674 1836 754 1885 nocie
763 1832 796 1885 ad
808 1833 988 1900 quantitatem
998 1832 1149 1887 columbini
1161 1833 1343 1896 orilibeniies.

212 1926 293 1985 139.
312 1929 380 1982 ltem
392 1927 522 1991 Ekardus,
536 1928 749 1996 linguntinensis
766 1929 890 1987 diocesis,
902 1929 936 1982 de
947 1946 1030 1982 curru
1045 1934 1146 1983 onusto
1162 1925 1345 1999 temporeneas

168 2026 320 2081 inconsulte
332 2027 506 2089 descendens,
516 2026 554 2078 sic
566 2031 661 2095 mptus
671 2030 712 2079 est
721 2027 749 2080 in
758 2027 868 2095 inguine
879 2032 917 2089 ut,
930 2027 1106 2081 interioribus
1121 2028 1150 2081 in
1161 2029 1266 2081 bursam
1275 2025 1373 2083 tsine

168 2126 403 2190 descendentibus,
416 2127 527 2179 demum
548 2125 575 2178 in
593 2125 774 2194 quantitatem
787 2127 904 2179 duorum
921 2127 1108 2180 humanorum
1120 2127 1237 2195 capitum
1258 2120 1350 2194 usquead

167 2241 256 2293 genua
276 2225 467 2294 dependerent.
487 2224 539 2290 Qui
559 2225 635 2278 velut
658 2240 754 2278 amens
771 2225 860 2278 tacius
877 2230 905 2278 et
921 2242 937 2278 a
954 2226 1114 2294 crepusculo
1131 2223 1354 2295 usqueadnediiii

150 2378 153 2383 ,
167 2329 276 2377 noctem
289 2324 397 2392 penitus
406 2323 448 2376 sui
458 2323 541 2392 ipsius
550 2323 639 2391 impos
648 2324 834 2392 permanebat
843 2324 1147 2390 Advocatursacerdos,
1156 2315 1358 2393 omnesquesinnl

167 2422 282 2489 gratiam
295 2427 322 2475 et
334 2422 466 2475 auxilium
479 2423 567 2475 heatae
578 2422 717 2475 Elizabeth
730 2421 858 2476 invocare
870 2429 1017 2492 coeperunt.
1026 2424 1147 2478 Vocibus
1159 2423 1264 2477 taudem
1277 2421 1364 2491 quiin·

168 2524 232 2576 darn
243 2539 306 2575 cum
318 2522 426 2575 insinno
436 2538 465 2575 se
475 2521 510 2574 ad
522 2520 677 2589 sepulcrum
690 2526 790 2574 saneta
803 2521 851 2574 Dei
864 2538 926 2574 cum
938 2522 1036 2576 hostiis
1048 2540 1152 2578 munus
1168 2525 1230 2579 ituri
1247 2526 1368 2579 deserens.
1381 2514 1409 2566 ὓ

168 2619 261 2672 statim
274 2623 391 2671 retracta
402 2623 467 2671 sunt
475 2617 612 2680 intestina,
621 2623 648 2670 et
658 2617 699 2671 vir
708 2633 737 2670 se
749 2618 855 2686 erigens
864 2637 871 2671 ε
881 2620 978 2683 Sanun
991 2620 1087 2689 inquit,
1097 2624 1190 2688 funus
1200 2640 1263 2677 snm.
1275 2622 1373 2675 araim

169 2719 225 2772 Deo
236 2726 260 2771 et
271 2719 349 2771 beata
359 2718 518 2770 Elisabeth!
529 2716 563 2769 Et
571 2720 680 2785 postera
689 2716 732 2770 die
744 2717 802 2770 ibat
811 2717 845 2770 ad
857 2719 1029 2786 operationes
1038 2720 1143 2774 solitas.

213 2816 291 2873 140.
314 2816 365 2872 De
379 2827 478 2883 aqua
492 2813 529 2869 lii
542 2813 664 2870 vinum
678 2825 864 2870 conversa.
888 2817 919 2869 ln
942 2817 1119 2871 Vormaeeusi
1143 2818 1249 2883 diocesi,
1270 2817 1385 2888 quidam,

169 2916 281 2969 nomine
297 2915 468 2984 linquardus,
486 2914 640 2983 sepulcrum
661 2914 748 2967 beatae
766 2914 904 2967 Elizabeth
917 2916 950 2968 de
963 2920 1027 2969 voto
1040 2916 1170 2970 visitavit
1187 2918 1238 2984 Qui
1249 2917 1391 2971 rediturus,

167 3015 248 3082 jussit
267 3031 375 3067 servum
394 3030 474 3068 suum
492 3013 603 3066 haurire
621 3014 654 3066 de
666 3014 785 3081 quodam
795 3014 871 3066 fonte
882 3013 1025 3082 hospitalis
1038 3031 1122 3084 quam
1134 3017 1143 3050 ¹
1156 3017 1293 3085 aliquando
1304 3015 1396 3068 iata

170 3113 308 3167 Elizabeth
326 3113 384 3166 fieri
401 3117 602 3181 procuraverat,
619 3117 650 3164 ui
667 3128 727 3165 cam
746 3113 859 3165 domum
872 3113 996 3175 deferret,
1009 3113 1116 3167 habens
1127 3115 1209 3169 iidem
1224 3098 1400 3184 quodaliqui

169 3229 314 3282 puerorum
336 3228 448 3266 suorum
466 3212 500 3264 de
521 3227 554 3263 ea
573 3211 699 3264 bibentes
720 3211 754 3263 ab
775 3211 979 3265 infirmitatibus
994 3213 1075 3266 suis²
1092 3215 1310 3268 convalescerent
1325 3197 1403 3276 Qui

169 3328 295 3365 reversus
314 3313 349 3365 ad
366 3311 482 3381 propria,
500 3310 604 3363 invenit
624 3326 724 3378 aquam
746 3310 773 3363 in
791 3310 885 3363 vinum
903 3311 1037 3379 optimum
1050 3328 1149 3381 sapore
1160 3313 1407 3378 mutatumaquae

171 3416 262 3465 tamen
272 3428 338 3480 pura
351 3410 439 3479 specie
452 3414 565 3463 retenta.
586 3410 664 3462 Unde
682 3408 793 3478 quidam
812 3409 983 3463 infirmorum
999 3416 1149 3479 gustantes,
1166 3413 1302 3465 sanitatem
1319 3402 1408 3461 iude

170 3510 262 3579 adepti
273 3514 344 3563 sunt.
353 3509 485 3576 Quaedam
497 3509 597 3561 mulier
607 3525 668 3576 quae
680 3524 728 3575 per
739 3524 841 3561 annum
852 3509 879 3562 in
889 3510 1218 3577 quartanislaborarerat,
1228 3506 1409 3563 indemnata

170 3614 219 3663 est.
232 3608 403 3663 illiusetiam
420 3608 518 3661 morbo
537 3607 714 3675 esquinantiae
734 3607 768 3659 ad
789 3612 896 3675 qustum
919 3608 990 3661 illius
1011 3609 1066 3662 vini
1088 3615 1199 3678 repente
1215 3616 1314 3663 curatus
1328 3604 1406 3658 est·

170 3705 287 3773 Quidam
304 3706 386 3759 eiiam
405 3722 438 3758 ex
456 3705 541 3759 servis
553 3705 638 3774 ipsius
649 3702 744 3756 militis
756 3719 772 3756 a
784 3704 914 3757 continuo
926 3704 1022 3773 cupitis
1039 3705 1135 3759 dolore
1152 3723 1200 3775 per
1215 3707 1300 3760 viuum
1314 3692 1401 3755 liud

169 3810 339 3860 sanatusest.

214 3905 293 3961 141.
323 3904 375 3961 ne
396 3900 543 3959 munere
564 3913 589 3958 a
610 3912 740 3958 canoro
761 3900 903 3958 curata.
931 3901 962 3953 in
984 3901 1143 3970 liugandau
1164 3901 1269 3964 diocesi,
1287 3897 1390 3952 maiier

168 4005 304 4072 (quaedam,
315 4003 397 4056 Beria
408 4002 527 4068 nomine,
539 4018 637 4055 cancro
649 4018 731 4069 super
741 4017 839 4054 nasum
858 4001 928 4054 inter
945 4001 1015 4053 duos
1026 4001 1122 4055 oculos
1139 4000 1282 4054 laborabat.
1298 3994 1415 4061 Cujtisit

169 4104 257 4157 carnis
269 4102 387 4156 corrosio
401 4118 462 4154 cum
475 4101 550 4155 nulla
561 4106 619 4154 arte
631 4100 758 4154 medendi
770 4105 862 4168 posset
870 4099 961 4152 sanari
971 4104 999 4152 et
1008 4100 1066 4168 ipsa
1075 4099 1157 4154 nimis
1169 4097 1302 4153 deionnan'
1311 4091 1373 4148 iuci-

168 4207 244 4271 peret
252 4207 280 4255 et
288 4200 441 4270 periclitari,
451 4200 563 4253 accessit
572 4201 607 4252 ad
616 4199 769 4267 sepulcrum
781 4199 867 4251 beatae
876 4198 1016 4251 Elizabeth
1026 4214 1086 4251 eum
1096 4215 1175 4253 cereo
1184 4215 1247 4252 naso
1256 4190 1368 4251 ethostiis

168 4300 235 4354 aliis.
245 4301 298 4354 Nec
308 4316 393 4362 mora,
402 4299 494 4352 statim
505 4299 589 4351 sensit
597 4297 758 4363 remedium,
768 4302 867 4350 etante
878 4296 973 4349 Natale
984 4296 1093 4350 Domini
1102 4298 1209 4366 penitus
1219 4294 1359 4350 liberataest

212 4398 292 4455 142.
317 4398 348 4451 ln
360 4399 455 4450 eadem
478 4394 588 4460 diocesi,
605 4395 676 4463 apud
693 4395 842 4463 Martpurh‚
859 4394 887 4447 in
907 4410 972 4447 aure
990 4396 1132 4462 cujusdam
1153 4393 1296 4456 machtildis,
1310 4387 1354 4442 fito

167 4497 316 4560 GertiudiS,
328 4497 387 4564 pisa
396 4511 475 4548 versa
485 4493 561 4547 nullo
574 4492 681 4562 ingenio
693 4509 742 4546 seu
754 4491 936 4546 instrumento
948 4497 1055 4560 poterat
1067 4488 1376 4559 indemnatorum

201 4692 212 4725 ¹
224 4693 264 4744 sic
272 4693 357 4744 umbo.
367 4720 397 4727 --
410 4689 422 4723 ²
433 4689 489 4742 suis
498 4691 560 4742 add.
572 4707 605 4742 ex
613 4689 637 4742 i.
