3142 5392
171 284 244 359 359
509 306 636 359 caran.
662 307 766 360 cono.
792 308 1069 365 uxorooaxrruc.

171 494 328 548 dimittebat
345 500 373 549 et
388 496 521 549 instarem
538 500 571 550 ut
587 511 634 550 eas
651 497 816 562 comederet,
833 497 902 551 dixit
912 498 983 552 mihi
994 500 1134 555 submissa
1149 520 1215 559 voce
1225 508 1285 575 quod
1296 509 1352 565 aiut

170 591 315 661 sapiebant
331 593 384 647 sibi
404 599 432 647 et
450 594 512 648 ideo
530 595 696 650 dimittebat.
713 596 790 649 idern
806 595 862 651 vidi
879 597 935 651 alia
952 598 1013 652 rice
1030 599 1065 653 de
1082 599 1201 668 piscibus
1216 603 1354 674 :displicatur

171 691 245 745 enirn
257 693 378 746 multum
396 693 448 747 sibi
468 699 496 747 et
513 694 625 748 dolebat
641 695 775 764 quianon
787 700 846 750 erat
862 712 945 751 ausus
961 698 1052 752 lacere
1063 699 1258 757 abstinentiam
1266 702 1355 761 ilabeint

170 792 247 845 enirn
264 796 292 845 et
310 793 344 846 de
365 793 419 846 hoc
436 809 565 862 magnam
585 794 764 860 voluntatem,
781 799 810 849 et
828 795 991 850 facillimum
1009 802 1071 851 erat
1095 798 1146 853 sibi
1166 804 1197 854 ut
1214 800 1355 867 dieelniml

169 895 282 959 propter
293 889 347 944 hoc
362 891 526 956 dimittebat,
541 892 606 961 quia
623 897 735 962 propter
746 893 941 949 abstinentiam
957 895 1077 951 multum
1094 899 1375 973 remittebaturtpirittxt

171 989 231 1056 ejus
250 1007 268 1044 a
285 989 442 1056 devotione,
460 991 530 1047 sicut
547 993 664 1062 ipsemet
679 993 749 1046 dixit
764 993 835 1047 mihi
853 995 972 1064 quadam
989 996 1060 1061 viee,
1077 1013 1142 1051 curn
1159 1014 1208 1067 per
1222 1002 1357 1069 septemdiea

170 1089 297 1143 tentabat
314 1091 404 1144 iacere
425 1091 629 1146 abstinentiam.
646 1093 725 1147 Unde
743 1093 851 1147 ridetur
867 1094 936 1148 mihi
954 1095 1029 1164 quod
1046 1096 1184 1151 Dominus
1194 1100 1357 1155 commutarat

171 1189 200 1242 in
213 1189 321 1243 edendo
340 1194 368 1244 et
380 1191 545 1245 dormiendo
557 1192 681 1245 laborem
694 1197 722 1246 et
738 1193 881 1260 praemium
898 1210 983 1262 quern
999 1193 1048 1248 alii
1058 1195 1207 1265 acquirunt
1215 1202 1242 1252 et
1250 1198 1357 1253 babenti

170 1287 336 1341 abstinendo
357 1293 385 1343 et
403 1289 549 1359 vigilando.
567 1289 641 1344 Dixit
661 1290 735 1345 enirn
753 1290 823 1345 mihi
844 1293 963 1360 quadam
984 1293 1046 1347 vice
1062 1295 1140 1362 quod
1160 1296 1272 1364 majores
1283 1296 1357 1353 ldae

171 1404 241 1455 quos
253 1387 375 1443 habebat
387 1389 432 1443 ille
443 1391 537 1456 homo,
549 1394 628 1444 eraut
642 1389 682 1443 ire
697 1395 851 1444 comestum
864 1396 892 1445 et
903 1391 1062 1447 dormitum.
1074 1393 1121 1448 Sic
1132 1394 1206 1449 enim
1220 1395 1357 1451 dicebatcn

172 1487 207 1539 de
219 1503 249 1538 se
260 1486 336 1555 loqui
348 1487 467 1542 volebat.

212 1586 247 1643 7.
270 1585 349 1641 Nunc
377 1586 501 1655 sequitur
529 1587 564 1641 dc
591 1587 652 1655 ejus
679 1587 836 1653 devotione,
864 1604 948 1657 quam
980 1605 1130 1657 possumus
1157 1588 1357 1661 commendabis!

171 1684 316 1739 ostendere
334 1682 529 1752 multipliciter.
545 1684 580 1738 Et
596 1685 686 1754 primo
703 1685 815 1754 quidem
832 1684 950 1739 dicimus
966 1685 1042 1754 quod
1060 1685 1114 1739 suit
1131 1686 1265 1756 protunda
1279 1690 1302 1740 et
1313 1684 1358 1740 dis

170 1782 241 1836 sima
259 1783 288 1836 in
309 1782 489 1851 cogitationc;
506 1784 627 1837 secundo
648 1787 750 1848 autem,
768 1784 842 1854 quod
862 1784 914 1838 iuit
933 1783 1138 1839 ferventissima
1149 1784 1179 1838 in
1190 1802 1286 1849 arnore;
1301 1782 1358 1849 tertie.

170 1881 245 1949 quod
264 1879 376 1934 assidua
392 1880 421 1933 in
433 1880 668 1948 frequentatione;
686 1885 792 1949 quarto,
809 1882 884 1950 quod
895 1881 1051 1951 gratissima
1062 1881 1093 1936 in
1110 1882 1358 1953 decretionemmtt

170 1980 246 2047 quod
257 1979 448 2032 efficacissima
459 1980 488 2032 in
497 1980 671 2047 operatione;
681 1988 768 2044 sexto,
778 1981 853 2050 quod
863 1981 1039 2036 securissima
1050 1981 1080 2036 in
1092 1982 1261 2048 ostensione;
1270 1982 1358 2051 septim

170 2079 246 2148 quod
256 2078 314 2131 Deo
326 2077 502 2147 acceptabilis
518 2077 546 2132 in
563 2080 792 2133 remuneratione.
802 2078 883 2146 Quod
897 2079 971 2133 enim
987 2080 1071 2134 luerit
1081 2081 1220 2150 profunda
1230 2081 1359 2136 etaltisittt

170 2178 199 2232 in
217 2177 391 2246 cogitatione,
400 2182 476 2247 patet
492 2177 582 2231 lucide
600 2194 649 2246 per
661 2176 901 2232 Considerutiones
917 2195 989 2244 suas,
1001 2195 1052 2248 per
1068 2184 1169 2245 totum,
1180 2182 1228 2235 scd
1243 2178 1359 2236 munet

170 2277 258 2331 tribus
270 2276 344 2330 locis.
357 2275 451 2330 Primo
467 2277 515 2331 ubi
531 2276 596 2331 dicit
608 2296 615 2331 :
638 2278 649 2301 “
661 2277 688 2330 Si
700 2293 822 2346 praesens
833 2279 914 2344 Deus,
925 2278 1069 2345 mundae,
1083 2284 1137 2335 etc
1148 2279 1227 2335 Unde
1237 2280 1308 2335 etim
1319 2292 1359 2347 tt*

171 2377 235 2430 dam
249 2376 317 2439 vice,
329 2393 392 2429 curn
405 2375 523 2445 legerem
537 2375 653 2430 inillam
666 2377 929 2442 considerationem,
941 2381 1018 2432 tanto
1030 2378 1143 2433 fervore
1157 2396 1193 2433 ex
1204 2379 1261 2434 sola
1271 2376 1359 2433 recorda

173 2473 248 2527 tione
262 2473 381 2542 repletus
394 2473 519 2542 estquod
536 2489 592 2527 non
609 2473 699 2542 potuit
715 2472 787 2527 ultra
798 2474 901 2539 audire,
918 2475 967 2528 sed
978 2479 1053 2529 totus
1065 2476 1189 2531 fremens
1205 2483 1233 2532 et
1246 2477 1294 2531 alte
1305 2470 1360 2543 atti

173 2588 237 2641 rans
258 2573 328 2626 dixit
348 2591 354 2625 ε
380 2574 484 2638 Vellem,
504 2571 601 2640 inquit,
621 2575 647 2626 si
667 2574 783 2627 Domino
801 2576 918 2642 placeret
936 2580 960 2628 et
974 2591 1083 2642 possem
1100 2577 1289 2643 detrectatum
1304 2574 1360 2629 silit

170 2674 287 2725 mundos
307 2674 419 2738 dedisse,
443 2674 514 2740 quod
533 2673 668 2727 Dominus
684 2675 830 2726 ostenderet
846 2674 897 2727 tibi
916 2673 963 2726 udi
979 2681 1038 2726 erut
1055 2675 1103 2726 tlte
1119 2676 1206 2740 bomo,
1223 2672 1360 2744 pummtrt

165 2773 275 2837 positus
288 2773 471 2835 intertiatam,
484 2770 638 2839 quorrrodo²
659 2773 741 2840 prensi
753 2788 805 2838 per
815 2778 898 2824 totam
914 2772 985 2823 diem
999 2772 1077 2823 illum
1091 2774 1138 2824 cix
1153 2770 1360 2838 fecem'tnitipiu·

169 2871 256 2934 pendo
268 2872 419 2936 suspirare.
437 2870 517 2922 Patet
533 2869 616 2922 etiarn
634 2885 682 2938 per
694 2868 777 2922 aliam
795 2885 856 2937 quae
874 2868 986 2938 incipit:
1001 2870 1011 2893 ⁸
1026 2869 1164 2924 Excessus
1176 2870 1311 2933 introitus,
1323 2868 1386 2925 etet

170 2972 199 3020 et
215 2984 265 3036 per
281 2967 407 3020 ultimam
424 2984 486 3035 quea
504 2967 591 3021 dicit:
612 2967 657 3021 ‘0
675 2968 722 3037 qui
740 2983 770 3021 es
787 2967 861 3035 quod
879 2966 926 3037 qui
943 2982 1000 3021 non
1017 2984 1082 3033 es.,
1103 2968 1223 3037 Ipsemet
1238 2967 1310 3022 eliam
1321 2961 1361 3017 tid

171 3066 209 3120 ibi
228 3067 238 3100 ¹
256 3067 329 3134 quod
347 3065 393 3118 vix
411 3082 533 3135 unquam
551 3065 649 3134 aliquis
666 3065 773 3132 majora
790 3065 894 3129 sensit;
912 3070 940 3119 et
957 3066 1083 3135 quaedam
1102 3066 1159 3120 alia
1175 3066 1277 3121 similia
1291 3058 1361 3119 lleoit

171 3165 254 3218 etiam
267 3166 341 3233 quod
351 3165 470 3233 quadam
484 3164 551 3229 viee,
563 3181 626 3217 cum
638 3163 814 3233 loqueremur
826 3164 860 3218 dc
871 3164 955 3217 fratre
966 3164 1080 3232 AEgidio,
1090 3164 1163 3219 inter
1181 3166 1236 3220 alia
1246 3164 1363 3219 rerbaeun

170 3280 220 3332 ego
239 3263 358 3318 dicerem
378 3280 510 3332 magnum
528 3263 593 3332 quid
612 3279 671 3316 csse
692 3268 800 3331 raptum
819 3262 910 3316 fratris
929 3263 1034 3331 ingrati,
1051 3264 1111 3332 ipse
1133 3264 1271 3334 respondit
1285 3268 1310 3318 et
1322 3256 1366 3314 tuit
1403 3334 1406 3341 Ι

170 3364 245 3432 quod
256 3363 416 3417 facillimum
426 3363 490 3431 quid
503 3367 561 3416 crat
570 3362 628 3431 rapi
638 3362 751 3416 elevate.
764 3363 833 3421 Scio,
842 3362 937 3432 iuquit,
946 3364 1080 3416 liorninem
1089 3367 1140 3431 qul
1147 3358 1409 3433 atiquandomttrt

170 3466 200 3516 in
217 3481 272 3517 terro
285 3465 421 3516 Matutino
437 3465 494 3528 fuit
506 3470 603 3530 raptus
615 3464 652 3514 ad
669 3463 816 3515 altissimos
834 3463 982 3515 intellectus
996 3463 1155 3515 diurnorum
1172 3473 1198 3517 et
1210 3467 1280 3530 forte
1294 3466 1373 3530 ispe

170 3564 231 3615 libet
242 3580 327 3616 rerau.
337 3564 373 3615 Et
386 3564 438 3626 ille,
450 3560 547 3628 inquit,
559 3563 690 3626 infititias
701 3563 800 3614 restitit
812 3563 915 3628 raptui,
926 3569 950 3614 et
959 3563 1110 3628 aliquando
1122 3569 1229 3616 tuntum
1239 3566 1291 3616 cim
1300 3565 1376 3630 opcrlti
1422 3566 1425 3579 '

170 3663 195 3713 ei
211 3663 302 3727 secere
320 3669 349 3713 ut
367 3662 470 3712 recedat
488 3678 506 3712 a
522 3661 578 3713 Deo
595 3677 645 3714 auo
661 3667 685 3714 et
700 3662 799 3727 setpiat,
817 3668 947 3728 putantem
958 3661 1062 3727 aliquia
1076 3662 1143 3725 feeit
1160 3669 1192 3715 ret
1208 3665 1380 3731 appropinquet

170 3763 202 3814 ei.
215 3760 284 3813 Cum
303 3776 353 3828 ego
372 3759 487 3812 miratus
504 3775 654 3827 quaererem
673 3776 766 3828 quare,
776 3759 844 3813 dixit
860 3760 934 3828 quod
953 3758 1024 3826 Quia
1035 3760 1173 3815 Dominus
1186 3763 1257 3817 adeo
1268 3759 1385 3833 aperitilli

169 3858 279 3912 homini
292 3858 367 3911 sinus
380 3857 472 3926 gratian
487 3874 544 3911 sum
555 3863 582 3911 et
594 3858 776 3926 benignitatis,
788 3859 862 3927 quod
879 3857 1030 3911 certissimo
1044 3857 1151 3913 lumine
1167 3864 1310 3930 cognoscit
1322 3860 1425 3931 quedl}

170 3956 192 4008 si
211 3956 306 4024 figeret
324 3956 435 4009 oculum
454 3957 482 4010 in
500 3956 543 4009 his
561 3973 621 4025 quae
639 3957 721 4023 ridet,
739 3957 767 4009 in
784 3961 945 4025 perpetuum
963 3972 1018 4010 non
1036 3957 1146 4011 rediret
1162 3959 1235 4014 Cum
1253 3978 1304 4031 ego
1320 3963 1395 4030 magia

169 4054 286 4107 miratus
299 4071 449 4123 quaererem
468 4056 542 4123 quod
559 4055 721 4124 periculum,
733 4055 816 4108 etiam
835 4056 858 4109 si
875 4070 1017 4124 nunquam
1030 4054 1141 4120 rediret,
1153 4063 1183 4111 et
1201 4059 1323 4114 dicerem
1334 4060 1398 4129 quod

170 4170 219 4221 ego
238 4169 403 4222 exponerem
420 4170 464 4207 me
482 4154 552 4207 lrcne
568 4154 616 4207 tali
633 4153 762 4222 periculo,
781 4154 850 4207 dixit
864 4153 939 4222 quod
951 4170 1080 4223 inagnum
1101 4155 1192 4210 valde.
1211 4160 1299 4225 Sicut,
1315 4160 1403 4231 inquit

169 4255 216 4305 illc
227 4260 315 4305 statu-a
327 4256 451 4305 securior
462 4260 549 4306 statua
565 4261 601 4306 eet
620 4256 668 4321 qui
684 4261 771 4320 posset
783 4270 838 4306 esse
856 4256 885 4305 in
896 4255 945 4307 troc
956 4255 1122 4317 attritiones
1132 4258 1207 4309 citro
1219 4260 1303 4312 ilium
1320 4270 1407 4329 reputa

169 4353 288 4419 ‹elipuem
309 4369 367 4404 rere
388 4369 520 4417 sereretur,
541 4355 579 4404 ita
600 4360 624 4406 et
639 4355 821 4421 periculosior
841 4355 889 4420 qui
907 4355 1159 4420 meritamente?
1185 4364 1298 4412 tontum
1321 4365 1425 4415 erescit!

170 4453 298 4504 discretio
310 4459 442 4517 percutient
453 4454 546 4504 crescit
559 4454 666 4506 (teretia.
679 4453 761 4505 Estne
774 4469 835 4518 cryc
848 4454 974 4505 eliceretio
985 4454 1057 4519 peccel
1068 4470 1164 4506 ceraue
1176 4457 1338 4514 citissimus
1346 4479 1411 4515 ucce-

204 4664 213 4697 ¹
226 4667 282 4718 coel.
295 4664 382 4717 illi-
394 4666 405 4698 ²
419 4682 468 4718 eox
479 4668 609 4733 suppleta.
