<?xml version="1.0" encoding="UTF-8"?>
<!DOCTYPE html PUBLIC "-//W3C//DTD XHTML 1.0 Transitional//EN"
    "http://www.w3.org/TR/xhtml1/DTD/xhtml1-transitional.dtd">
<html xmlns="http://www.w3.org/1999/xhtml" xml:lang="en" lang="en">
 <head>
  <title>
</title>
<meta http-equiv="Content-Type" content="text/html;charset=utf-8" />
  <meta name='ocr-system' content='tesseract 3.04.00' />
  <meta name='ocr-capabilities' content='ocr_page ocr_carea ocr_par ocr_line ocrx_word'/>
</head>
<body>
  <div class='ocr_page' id='page_1' title='image "./cataloguscodicu01belggoog_0523.png"; bbox 0 0 3142 5392; ppageno 0'>
   <div class='ocr_carea' id='block_1_1' title="bbox 166 517 248 570">
    <p class='ocr_par' dir='ltr' id='par_1_1' title="bbox 166 517 248 570">
     <span class='ocr_line' id='line_1_1' title="bbox 166 517 248 570; baseline 0 0"><span class='ocrx_word' id='word_1_1' title='bbox 166 517 180 547; x_wconf 79' lang='lat'>&#39;</span> <span class='ocrx_word' id='word_1_2' title='bbox 192 518 248 570; x_wconf 86' lang='lat' dir='ltr'>cod.</span> 
     </span>
    </p>
   </div>
   <div class='ocr_carea' id='block_1_2' title="bbox 327 296 1225 370">
    <p class='ocr_par' dir='ltr' id='par_1_2' title="bbox 327 296 1225 370">
     <span class='ocr_line' id='line_1_2' title="bbox 327 296 1225 370; baseline -0.007 0"><span class='ocrx_word' id='word_1_3' title='bbox 327 296 400 370; x_wconf 85' lang='lat'>500</span> <span class='ocrx_word' id='word_1_4' title='bbox 662 315 787 366; x_wconf 78' lang='lat' dir='ltr'>caran.</span> <span class='ocrx_word' id='word_1_5' title='bbox 815 315 918 368; x_wconf 86' lang='lat' dir='ltr'>cono.</span> <span class='ocrx_word' id='word_1_6' title='bbox 944 313 1225 366; x_wconf 79' lang='lat' dir='ltr'>uamooaarruc.</span> 
     </span>
    </p>
   </div>
   <div class='ocr_carea' id='block_1_3' title="bbox 328 505 1515 576">
    <p class='ocr_par' dir='ltr' id='par_1_3' title="bbox 328 505 1515 576">
     <span class='ocr_line' id='line_1_3' title="bbox 328 505 1515 576; baseline -0.001 -15"><span class='ocrx_word' id='word_1_7' title='bbox 328 507 450 561; x_wconf 79' lang='lat' dir='ltr'>abnuere</span> <span class='ocrx_word' id='word_1_8' title='bbox 466 507 563 560; x_wconf 89' lang='lat' dir='ltr'>beatus</span> <span class='ocrx_word' id='word_1_9' title='bbox 581 505 734 560; x_wconf 81' lang='lat' dir='ltr'><strong>Maximus:</strong></span> <span class='ocrx_word' id='word_1_10' title='bbox 749 508 954 572; x_wconf 63' lang='lat' dir='ltr'>Menedemum,</span> <span class='ocrx_word' id='word_1_11' title='bbox 966 507 1102 576; x_wconf 87' lang='lat' dir='ltr'>inquiens,</span> <span class='ocrx_word' id='word_1_12' title='bbox 1111 515 1200 575; x_wconf 84' lang='lat' dir='ltr'>puter,</span> <span class='ocrx_word' id='word_1_13' title='bbox 1213 509 1286 575; x_wconf 85' lang='lat' dir='ltr'>quod</span> <span class='ocrx_word' id='word_1_14' title='bbox 1299 509 1373 575; x_wconf 76' lang='lat' dir='ltr'>apud</span> <span class='ocrx_word' id='word_1_15' title='bbox 1388 508 1515 561; x_wconf 75' lang='lat' dir='ltr'>Caluam·</span> 
     </span>
    </p>
   </div>
   <div class='ocr_carea' id='block_1_4' title="bbox 130 581 1517 674">
    <p class='ocr_par' dir='ltr' id='par_1_4' title="bbox 130 581 1517 674">
     <span class='ocr_line' id='line_1_4' title="bbox 130 581 1517 674; baseline 0.012 -19"><span class='ocrx_word' id='word_1_16' title='bbox 130 581 288 638; x_wconf 51' lang='lat' dir='ltr'><strong>mmmm·</strong></span> <span class='ocrx_word' id='word_1_17' title='bbox 321 607 472 674; x_wconf 83' lang='lat' dir='ltr'>jaetiejom</span> <span class='ocrx_word' id='word_1_18' title='bbox 483 608 669 672; x_wconf 76' lang='lat' dir='ltr'><strong><em>fundamentis</em></strong></span> <span class='ocrx_word' id='word_1_19' title='bbox 680 608 748 674; x_wconf 73' lang='lat' dir='ltr'>coepi</span> <span class='ocrx_word' id='word_1_20' title='bbox 755 613 910 659; x_wconf 82' lang='lat' dir='ltr'>construere</span> <span class='ocrx_word' id='word_1_21' title='bbox 915 608 1000 674; x_wconf 79' lang='lat' dir='ltr'>prius</span> <span class='ocrx_word' id='word_1_22' title='bbox 1010 608 1047 659; x_wconf 86' lang='lat' dir='ltr'>ad</span> <span class='ocrx_word' id='word_1_23' title='bbox 1053 608 1207 674; x_wconf 76' lang='lat' dir='ltr'>perfectum</span> <span class='ocrx_word' id='word_1_24' title='bbox 1214 608 1343 674; x_wconf 71' lang='lat' dir='ltr'>permitte</span> <span class='ocrx_word' id='word_1_25' title='bbox 1352 623 1390 658; x_wconf 67' lang='grc' dir='ltr'><em>Μ</em></span> <span class='ocrx_word' id='word_1_26' title='bbox 1400 607 1517 671; x_wconf 58' lang='lat' dir='ltr'>&#39;tisim</span> 
     </span>
    </p>
   </div>
   <div class='ocr_carea' id='block_1_5' title="bbox 123 2779 296 2914">
    <p class='ocr_par' dir='ltr' id='par_1_5' title="bbox 123 2779 296 2914">
     <span class='ocr_line' id='line_1_5' title="bbox 169 2779 250 2834; baseline 0 0"><span class='ocrx_word' id='word_1_27' title='bbox 169 2779 183 2809; x_wconf 72' lang='lat'>⁸</span> <span class='ocrx_word' id='word_1_28' title='bbox 194 2782 250 2834; x_wconf 78' lang='lat' dir='ltr'>eod</span> 
     </span>
     <span class='ocr_line' id='line_1_6' title="bbox 123 2846 296 2914; baseline -0.012 -16"><span class='ocrx_word' id='word_1_29' title='bbox 123 2846 296 2914; x_wconf 88' lang='lat' dir='ltr'>spospondet.</span> 
     </span>
    </p>
   </div>
   <div class='ocr_carea' id='block_1_6' title="bbox 325 706 1565 2947">
    <p class='ocr_par' dir='ltr' id='par_1_6' title="bbox 325 706 1565 2947">
     <span class='ocr_line' id='line_1_7' title="bbox 328 706 1519 772; baseline -0.001 -13"><span class='ocrx_word' id='word_1_30' title='bbox 328 707 472 769; x_wconf 81' lang='lat' dir='ltr'>deducere;</span> <span class='ocrx_word' id='word_1_31' title='bbox 483 712 547 758; x_wconf 81' lang='lat' dir='ltr'>tunc</span> <span class='ocrx_word' id='word_1_32' title='bbox 555 707 661 758; x_wconf 84' lang='lat' dir='ltr'>demum</span> <span class='ocrx_word' id='word_1_33' title='bbox 673 721 838 772; x_wconf 82' lang='lat' dir='ltr'>quocumque</span> <span class='ocrx_word' id='word_1_34' title='bbox 842 706 964 771; x_wconf 79' lang='lat' dir='ltr'>jusseris</span> <span class='ocrx_word' id='word_1_35' title='bbox 972 722 1014 757; x_wconf 87' lang='lat' dir='ltr'>me</span> <span class='ocrx_word' id='word_1_36' title='bbox 1021 721 1177 772; x_wconf 84' lang='lat' dir='ltr'>properare,</span> <span class='ocrx_word' id='word_1_37' title='bbox 1187 708 1244 758; x_wconf 79' lang='lat' dir='ltr'>tuis</span> <span class='ocrx_word' id='word_1_38' title='bbox 1252 707 1342 758; x_wconf 79' lang='lat' dir='ltr'>coeris</span> <span class='ocrx_word' id='word_1_39' title='bbox 1350 706 1519 758; x_wconf 69' lang='lat' dir='ltr'>monitieottae</span> 
     </span>
     <span class='ocr_line' id='line_1_8' title="bbox 325 802 1519 874; baseline 0 -17"><span class='ocrx_word' id='word_1_40' title='bbox 325 812 456 874; x_wconf 83' lang='lat' dir='ltr'>peranter</span> <span class='ocrx_word' id='word_1_41' title='bbox 463 805 624 871; x_wconf 81' lang='lat' dir='ltr'><strong><em>properabo.</em></strong></span> <span class='ocrx_word' id='word_1_42' title='bbox 636 802 702 870; x_wconf 83' lang='lat' dir='ltr'>Quae</span> <span class='ocrx_word' id='word_1_43' title='bbox 711 803 795 856; x_wconf 84' lang='lat' dir='ltr'>verba</span> <span class='ocrx_word' id='word_1_44' title='bbox 804 803 901 856; x_wconf 85' lang='lat' dir='ltr'>beatus</span> <span class='ocrx_word' id='word_1_45' title='bbox 910 802 1042 857; x_wconf 83' lang='lat' dir='ltr'>Martinus</span> <span class='ocrx_word' id='word_1_46' title='bbox 1050 802 1202 872; x_wconf 82' lang='lat' dir='ltr'>paullulum</span> <span class='ocrx_word' id='word_1_47' title='bbox 1218 803 1363 871; x_wconf 88' lang='lat' dir='ltr'>accipiens,</span> <span class='ocrx_word' id='word_1_48' title='bbox 1373 808 1476 871; x_wconf 79' lang='lat' dir='ltr'>ceptum</span> <span class='ocrx_word' id='word_1_49' title='bbox 1484 804 1519 857; x_wconf 85' lang='lat' dir='ltr'>iter</span> 
     </span>
     <span class='ocr_line' id='line_1_9' title="bbox 329 900 1539 972; baseline -0.003 -16"><span class='ocrx_word' id='word_1_50' title='bbox 329 918 410 972; x_wconf 71' lang='lat' dir='ltr'>agere</span> <span class='ocrx_word' id='word_1_51' title='bbox 430 900 672 970; x_wconf 77' lang='lat' dir='ltr'>eoepit3blaximus</span> <span class='ocrx_word' id='word_1_52' title='bbox 690 917 755 955; x_wconf 84' lang='lat' dir='ltr'>vero</span> <span class='ocrx_word' id='word_1_53' title='bbox 777 902 811 954; x_wconf 92' lang='lat' dir='ltr'>ad</span> <span class='ocrx_word' id='word_1_54' title='bbox 832 900 1031 954; x_wconf 88' lang='lat' dir='ltr'>monasterium</span> <span class='ocrx_word' id='word_1_55' title='bbox 1052 901 1127 969; x_wconf 89' lang='lat' dir='ltr'>quod</span> <span class='ocrx_word' id='word_1_56' title='bbox 1146 900 1283 955; x_wconf 71' lang='lat' dir='ltr'>aedificare</span> <span class='ocrx_word' id='word_1_57' title='bbox 1301 902 1539 970; x_wconf 76' lang='lat' dir='ltr'>coeperetrepedmt</span> 
     </span>
     <span class='ocr_line' id='line_1_10' title="bbox 329 1002 1521 1073; baseline -0.003 -15"><span class='ocrx_word' id='word_1_58' title='bbox 329 1005 470 1073; x_wconf 81' lang='lat' dir='ltr'>disposuit</span> <span class='ocrx_word' id='word_1_59' title='bbox 483 1004 606 1073; x_wconf 83' lang='lat' dir='ltr'>Cumque</span> <span class='ocrx_word' id='word_1_60' title='bbox 616 1002 735 1057; x_wconf 88' lang='lat' dir='ltr'>venisset</span> <span class='ocrx_word' id='word_1_61' title='bbox 743 1003 778 1057; x_wconf 88' lang='lat' dir='ltr'>ad</span> <span class='ocrx_word' id='word_1_62' title='bbox 786 1002 910 1066; x_wconf 81' lang='lat' dir='ltr'>fluvium,</span> <span class='ocrx_word' id='word_1_63' title='bbox 919 1007 948 1056; x_wconf 89' lang='lat' dir='ltr'>et</span> <span class='ocrx_word' id='word_1_64' title='bbox 958 1019 1073 1056; x_wconf 87' lang='lat' dir='ltr'>ascensa</span> <span class='ocrx_word' id='word_1_65' title='bbox 1081 1003 1164 1072; x_wconf 90' lang='lat' dir='ltr'>puppi</span> <span class='ocrx_word' id='word_1_66' title='bbox 1176 1003 1267 1072; x_wconf 91' lang='lat' dir='ltr'>ipsum</span> <span class='ocrx_word' id='word_1_67' title='bbox 1280 1002 1383 1056; x_wconf 86' lang='lat' dir='ltr'>flumen</span> <span class='ocrx_word' id='word_1_68' title='bbox 1393 1003 1521 1056; x_wconf 79' lang='lat' dir='ltr'>tramiretut</span> 
     </span>
     <span class='ocr_line' id='line_1_11' title="bbox 329 1101 1521 1172; baseline -0.001 -16"><span class='ocrx_word' id='word_1_69' title='bbox 329 1104 364 1157; x_wconf 85' lang='lat' dir='ltr'>ad</span> <span class='ocrx_word' id='word_1_70' title='bbox 373 1103 569 1157; x_wconf 85' lang='lat' dir='ltr'>monasterium</span> <span class='ocrx_word' id='word_1_71' title='bbox 581 1102 896 1172; x_wconf 85' lang='lat' dir='ltr'>perveniret‚derepente</span> <span class='ocrx_word' id='word_1_72' title='bbox 905 1102 1016 1155; x_wconf 91' lang='lat' dir='ltr'>turbato</span> <span class='ocrx_word' id='word_1_73' title='bbox 1028 1118 1111 1156; x_wconf 91' lang='lat' dir='ltr'>amne</span> <span class='ocrx_word' id='word_1_74' title='bbox 1123 1107 1151 1155; x_wconf 89' lang='lat' dir='ltr'>et</span> <span class='ocrx_word' id='word_1_75' title='bbox 1159 1102 1241 1156; x_wconf 90' lang='lat' dir='ltr'>undis</span> <span class='ocrx_word' id='word_1_76' title='bbox 1251 1101 1346 1156; x_wconf 86' lang='lat' dir='ltr'>nimiis</span> <span class='ocrx_word' id='word_1_77' title='bbox 1354 1102 1521 1161; x_wconf 84' lang='lat' dir='ltr'>intumescente.</span> 
     </span>
     <span class='ocr_line' id='line_1_12' title="bbox 328 1199 1521 1271; baseline 0.002 -14"><span class='ocrx_word' id='word_1_78' title='bbox 328 1218 462 1257; x_wconf 90' lang='lat' dir='ltr'>concussa</span> <span class='ocrx_word' id='word_1_79' title='bbox 472 1203 536 1257; x_wconf 80' lang='lat' dir='ltr'>navi</span> <span class='ocrx_word' id='word_1_80' title='bbox 549 1202 576 1255; x_wconf 90' lang='lat' dir='ltr'>in</span> <span class='ocrx_word' id='word_1_81' title='bbox 588 1218 644 1271; x_wconf 91' lang='lat' dir='ltr'>qua</span> <span class='ocrx_word' id='word_1_82' title='bbox 652 1201 873 1270; x_wconf 81' lang='lat' dir='ltr'>vehebatur‚ipse</span> <span class='ocrx_word' id='word_1_83' title='bbox 882 1207 992 1255; x_wconf 87' lang='lat' dir='ltr'>sanctus</span> <span class='ocrx_word' id='word_1_84' title='bbox 1002 1201 1159 1264; x_wconf 84' lang='lat' dir='ltr'>rir,amissa</span> <span class='ocrx_word' id='word_1_85' title='bbox 1168 1202 1233 1255; x_wconf 84' lang='lat' dir='ltr'>navi</span> <span class='ocrx_word' id='word_1_86' title='bbox 1243 1207 1272 1255; x_wconf 89' lang='lat' dir='ltr'>et</span> <span class='ocrx_word' id='word_1_87' title='bbox 1282 1200 1406 1271; x_wconf 89' lang='lat' dir='ltr'>procellis</span> <span class='ocrx_word' id='word_1_88' title='bbox 1414 1199 1521 1270; x_wconf 66' lang='lat' dir='ltr'>impube</span> 
     </span>
     <span class='ocr_line' id='line_1_13' title="bbox 328 1297 1521 1368; baseline -0.001 -16"><span class='ocrx_word' id='word_1_89' title='bbox 328 1298 400 1352; x_wconf 90' lang='lat' dir='ltr'>inter</span> <span class='ocrx_word' id='word_1_90' title='bbox 411 1298 547 1352; x_wconf 85' lang='lat' dir='ltr'>undarum</span> <span class='ocrx_word' id='word_1_91' title='bbox 560 1298 652 1352; x_wconf 88' lang='lat' dir='ltr'>hiatus</span> <span class='ocrx_word' id='word_1_92' title='bbox 662 1298 784 1366; x_wconf 74' lang='lat' dir='ltr'>deiectus</span> <span class='ocrx_word' id='word_1_93' title='bbox 795 1303 845 1352; x_wconf 91' lang='lat' dir='ltr'>est.</span> <span class='ocrx_word' id='word_1_94' title='bbox 854 1297 969 1352; x_wconf 82' lang='lat' dir='ltr'>Turbati</span> <span class='ocrx_word' id='word_1_95' title='bbox 981 1299 1029 1367; x_wconf 93' lang='lat' dir='ltr'>qui</span> <span class='ocrx_word' id='word_1_96' title='bbox 1041 1298 1258 1368; x_wconf 81' lang='lat' dir='ltr'>circumquaque</span> <span class='ocrx_word' id='word_1_97' title='bbox 1271 1303 1350 1352; x_wconf 89' lang='lat' dir='ltr'>erant</span> <span class='ocrx_word' id='word_1_98' title='bbox 1361 1299 1473 1355; x_wconf 80' lang='lat' dir='ltr'>homiues</span> <span class='ocrx_word' id='word_1_99' title='bbox 1481 1299 1521 1351; x_wconf 81' lang='lat' dir='ltr'>bec</span> 
     </span>
     <span class='ocr_line' id='line_1_14' title="bbox 329 1394 1549 1464; baseline -0.002 -16"><span class='ocrx_word' id='word_1_100' title='bbox 329 1396 461 1459; x_wconf 80' lang='lat' dir='ltr'>videntes,</span> <span class='ocrx_word' id='word_1_101' title='bbox 473 1400 666 1449; x_wconf 75' lang='lat' dir='ltr'>concurrentes</span> <span class='ocrx_word' id='word_1_102' title='bbox 678 1412 710 1448; x_wconf 89' lang='lat' dir='ltr'>ac</span> <span class='ocrx_word' id='word_1_103' title='bbox 727 1395 887 1464; x_wconf 71' lang='lat' dir='ltr'>plangentes</span> <span class='ocrx_word' id='word_1_104' title='bbox 899 1394 1087 1448; x_wconf 82' lang='lat' dir='ltr'>vociferantur</span> <span class='ocrx_word' id='word_1_105' title='bbox 1098 1394 1133 1448; x_wconf 89' lang='lat' dir='ltr'>ad</span> <span class='ocrx_word' id='word_1_106' title='bbox 1144 1395 1247 1449; x_wconf 88' lang='lat' dir='ltr'>littora.</span> <span class='ocrx_word' id='word_1_107' title='bbox 1260 1395 1309 1449; x_wconf 86' lang='lat' dir='ltr'>Vir</span> <span class='ocrx_word' id='word_1_108' title='bbox 1319 1400 1410 1449; x_wconf 89' lang='lat' dir='ltr'>autem</span> <span class='ocrx_word' id='word_1_109' title='bbox 1425 1394 1466 1448; x_wconf 85' lang='lat' dir='ltr'>Dei</span> <span class='ocrx_word' id='word_1_110' title='bbox 1478 1394 1522 1446; x_wconf 80' lang='lat' dir='ltr'>sub</span> <span class='ocrx_word' id='word_1_111' title='bbox 1530 1396 1549 1444; x_wconf 87' lang='lat' dir='ltr'>tt</span> 
     </span>
     <span class='ocr_line' id='line_1_15' title="bbox 328 1493 1522 1563; baseline -0.002 -15"><span class='ocrx_word' id='word_1_112' title='bbox 328 1510 436 1548; x_wconf 90' lang='lat' dir='ltr'>mersus</span> <span class='ocrx_word' id='word_1_113' title='bbox 445 1494 640 1563; x_wconf 91' lang='lat' dir='ltr'>omnipotentis</span> <span class='ocrx_word' id='word_1_114' title='bbox 651 1494 701 1548; x_wconf 89' lang='lat' dir='ltr'>Dei</span> <span class='ocrx_word' id='word_1_115' title='bbox 711 1494 820 1557; x_wconf 84' lang='lat' dir='ltr'>virtute,</span> <span class='ocrx_word' id='word_1_116' title='bbox 831 1494 948 1547; x_wconf 84' lang='lat' dir='ltr'>mirifica</span> <span class='ocrx_word' id='word_1_117' title='bbox 957 1494 1040 1547; x_wconf 86' lang='lat' dir='ltr'>etiam</span> <span class='ocrx_word' id='word_1_118' title='bbox 1050 1510 1116 1548; x_wconf 90' lang='lat' dir='ltr'>cura</span> <span class='ocrx_word' id='word_1_119' title='bbox 1126 1494 1281 1548; x_wconf 87' lang='lat' dir='ltr'>custoditur</span> <span class='ocrx_word' id='word_1_120' title='bbox 1292 1499 1318 1548; x_wconf 92' lang='lat' dir='ltr'>et</span> <span class='ocrx_word' id='word_1_121' title='bbox 1330 1493 1522 1561; x_wconf 82' lang='lat' dir='ltr'>serraturinpro</span> 
     </span>
     <span class='ocr_line' id='line_1_16' title="bbox 328 1592 1521 1663; baseline -0.003 -16"><span class='ocrx_word' id='word_1_122' title='bbox 328 1593 413 1647; x_wconf 87' lang='lat' dir='ltr'>iundo</span> <span class='ocrx_word' id='word_1_123' title='bbox 425 1593 538 1663; x_wconf 74' lang='lat' dir='ltr'>gurgite.</span> <span class='ocrx_word' id='word_1_124' title='bbox 546 1593 601 1646; x_wconf 87' lang='lat' dir='ltr'>Nec</span> <span class='ocrx_word' id='word_1_125' title='bbox 610 1592 696 1646; x_wconf 91' lang='lat' dir='ltr'>deluit</span> <span class='ocrx_word' id='word_1_126' title='bbox 707 1609 771 1662; x_wconf 71' lang='lat' dir='ltr'>erga</span> <span class='ocrx_word' id='word_1_127' title='bbox 785 1609 849 1647; x_wconf 89' lang='lat' dir='ltr'>eum</span> <span class='ocrx_word' id='word_1_128' title='bbox 862 1593 983 1662; x_wconf 79' lang='lat' dir='ltr'>dignatio</span> <span class='ocrx_word' id='word_1_129' title='bbox 993 1593 1051 1657; x_wconf 88' lang='lat' dir='ltr'>Dei,</span> <span class='ocrx_word' id='word_1_130' title='bbox 1060 1593 1107 1662; x_wconf 92' lang='lat' dir='ltr'>qui</span> <span class='ocrx_word' id='word_1_131' title='bbox 1117 1593 1235 1647; x_wconf 89' lang='lat' dir='ltr'>electum</span> <span class='ocrx_word' id='word_1_132' title='bbox 1248 1594 1409 1662; x_wconf 86' lang='lat' dir='ltr'>prophetam</span> <span class='ocrx_word' id='word_1_133' title='bbox 1419 1592 1521 1647; x_wconf 84' lang='lat' dir='ltr'>Jouanir</span> 
     </span>
     <span class='ocr_line' id='line_1_17' title="bbox 329 1691 1520 1762; baseline 0.002 -19"><span class='ocrx_word' id='word_1_134' title='bbox 329 1695 424 1744; x_wconf 80' lang='lat' dir='ltr'>ventre</span> <span class='ocrx_word' id='word_1_135' title='bbox 435 1692 488 1745; x_wconf 88' lang='lat' dir='ltr'>ceti</span> <span class='ocrx_word' id='word_1_136' title='bbox 500 1696 640 1745; x_wconf 87' lang='lat' dir='ltr'>servatum</span> <span class='ocrx_word' id='word_1_137' title='bbox 652 1691 758 1760; x_wconf 89' lang='lat' dir='ltr'>superis</span> <span class='ocrx_word' id='word_1_138' title='bbox 775 1691 854 1745; x_wconf 88' lang='lat' dir='ltr'>terris</span> <span class='ocrx_word' id='word_1_139' title='bbox 872 1691 990 1745; x_wconf 84' lang='lat' dir='ltr'>reddidit</span> <span class='ocrx_word' id='word_1_140' title='bbox 1000 1691 1044 1745; x_wconf 89' lang='lat' dir='ltr'>die</span> <span class='ocrx_word' id='word_1_141' title='bbox 1056 1692 1144 1745; x_wconf 87' lang='lat' dir='ltr'>tertia.</span> <span class='ocrx_word' id='word_1_142' title='bbox 1157 1693 1232 1745; x_wconf 82' lang='lat' dir='ltr'>Inter</span> <span class='ocrx_word' id='word_1_143' title='bbox 1243 1692 1303 1762; x_wconf 87' lang='lat' dir='ltr'>ipsa</span> <span class='ocrx_word' id='word_1_144' title='bbox 1313 1692 1411 1762; x_wconf 86' lang='lat' dir='ltr'>quippe</span> <span class='ocrx_word' id='word_1_145' title='bbox 1421 1705 1520 1761; x_wconf 78' lang='lat' dir='ltr'>aquam</span> 
     </span>
     <span class='ocr_line' id='line_1_18' title="bbox 329 1789 1521 1859; baseline -0.001 -16"><span class='ocrx_word' id='word_1_146' title='bbox 329 1789 479 1853; x_wconf 85' lang='lat' dir='ltr'>volumina,</span> <span class='ocrx_word' id='word_1_147' title='bbox 490 1790 681 1844; x_wconf 86' lang='lat' dir='ltr'>videbaturilli</span> <span class='ocrx_word' id='word_1_148' title='bbox 694 1791 768 1859; x_wconf 94' lang='lat' dir='ltr'>quod</span> <span class='ocrx_word' id='word_1_149' title='bbox 778 1790 862 1845; x_wconf 83' lang='lat' dir='ltr'>vestis</span> <span class='ocrx_word' id='word_1_150' title='bbox 871 1790 944 1844; x_wconf 89' lang='lat' dir='ltr'>beati</span> <span class='ocrx_word' id='word_1_151' title='bbox 953 1790 1062 1844; x_wconf 82' lang='lat' dir='ltr'>blartini</span> <span class='ocrx_word' id='word_1_152' title='bbox 1070 1795 1160 1844; x_wconf 88' lang='lat' dir='ltr'>totum</span> <span class='ocrx_word' id='word_1_153' title='bbox 1169 1807 1200 1844; x_wconf 89' lang='lat' dir='ltr'>se</span> <span class='ocrx_word' id='word_1_154' title='bbox 1207 1791 1356 1845; x_wconf 89' lang='lat' dir='ltr'>ambiendo</span> <span class='ocrx_word' id='word_1_155' title='bbox 1365 1789 1521 1851; x_wconf 72' lang='lat' dir='ltr'>circumdaret</span> 
     </span>
     <span class='ocr_line' id='line_1_19' title="bbox 329 1885 1547 1958; baseline -0.001 -16"><span class='ocrx_word' id='word_1_156' title='bbox 329 1905 386 1957; x_wconf 93' lang='lat' dir='ltr'>qua</span> <span class='ocrx_word' id='word_1_157' title='bbox 397 1893 425 1942; x_wconf 90' lang='lat' dir='ltr'>et</span> <span class='ocrx_word' id='word_1_158' title='bbox 436 1905 509 1958; x_wconf 87' lang='lat' dir='ltr'>aqua</span> <span class='ocrx_word' id='word_1_159' title='bbox 519 1889 633 1943; x_wconf 84' lang='lat' dir='ltr'>mirifice</span> <span class='ocrx_word' id='word_1_160' title='bbox 646 1889 791 1943; x_wconf 84' lang='lat' dir='ltr'>arcebatur</span> <span class='ocrx_word' id='word_1_161' title='bbox 808 1894 836 1943; x_wconf 90' lang='lat' dir='ltr'>et</span> <span class='ocrx_word' id='word_1_162' title='bbox 853 1890 911 1958; x_wconf 89' lang='lat' dir='ltr'>ipse</span> <span class='ocrx_word' id='word_1_163' title='bbox 923 1889 998 1943; x_wconf 89' lang='lat' dir='ltr'>nulla</span> <span class='ocrx_word' id='word_1_164' title='bbox 1015 1890 1244 1944; x_wconf 80' lang='lat' dir='ltr'>incommoditate</span> <span class='ocrx_word' id='word_1_165' title='bbox 1256 1890 1431 1944; x_wconf 87' lang='lat' dir='ltr'>afficiebatur.</span> <span class='ocrx_word' id='word_1_166' title='bbox 1439 1888 1521 1943; x_wconf 82' lang='lat' dir='ltr'>ltittitn</span> <span class='ocrx_word' id='word_1_167' title='bbox 1529 1885 1547 1933; x_wconf 76' lang='lat' dir='ltr'>li</span> 
     </span>
     <span class='ocr_line' id='line_1_20' title="bbox 328 1986 1520 2058; baseline 0 -18"><span class='ocrx_word' id='word_1_168' title='bbox 328 1988 435 2041; x_wconf 87' lang='lat' dir='ltr'>interea</span> <span class='ocrx_word' id='word_1_169' title='bbox 446 1987 559 2042; x_wconf 90' lang='lat' dir='ltr'>nuntius</span> <span class='ocrx_word' id='word_1_170' title='bbox 571 1989 618 2057; x_wconf 90' lang='lat' dir='ltr'>qui</span> <span class='ocrx_word' id='word_1_171' title='bbox 631 1989 684 2042; x_wconf 91' lang='lat' dir='ltr'>hoc</span> <span class='ocrx_word' id='word_1_172' title='bbox 696 1988 778 2042; x_wconf 88' lang='lat' dir='ltr'>beato</span> <span class='ocrx_word' id='word_1_173' title='bbox 793 1989 909 2042; x_wconf 84' lang='lat' dir='ltr'>Martino</span> <span class='ocrx_word' id='word_1_174' title='bbox 924 1989 1005 2042; x_wconf 90' lang='lat' dir='ltr'>citius</span> <span class='ocrx_word' id='word_1_175' title='bbox 1020 1987 1167 2042; x_wconf 82' lang='lat' dir='ltr'>intimaret</span> <span class='ocrx_word' id='word_1_176' title='bbox 1180 1988 1228 2042; x_wconf 91' lang='lat' dir='ltr'>Ille</span> <span class='ocrx_word' id='word_1_177' title='bbox 1240 1986 1408 2043; x_wconf 73' lang='lat' dir='ltr'>minoritate</span> <span class='ocrx_word' id='word_1_178' title='bbox 1416 1987 1520 2058; x_wconf 75' lang='lat' dir='ltr'>repentia</span> 
     </span>
     <span class='ocr_line' id='line_1_21' title="bbox 329 2087 1565 2159; baseline -0.002 -17"><span class='ocrx_word' id='word_1_179' title='bbox 329 2092 486 2142; x_wconf 88' lang='lat' dir='ltr'>commotus</span> <span class='ocrx_word' id='word_1_180' title='bbox 495 2091 522 2140; x_wconf 93' lang='lat' dir='ltr'>et</span> <span class='ocrx_word' id='word_1_181' title='bbox 531 2087 649 2156; x_wconf 91' lang='lat' dir='ltr'>quodam</span> <span class='ocrx_word' id='word_1_182' title='bbox 660 2088 769 2157; x_wconf 75' lang='lat' dir='ltr'>angoris</span> <span class='ocrx_word' id='word_1_183' title='bbox 778 2104 896 2141; x_wconf 85' lang='lat' dir='ltr'>moerore</span> <span class='ocrx_word' id='word_1_184' title='bbox 906 2092 1003 2151; x_wconf 87' lang='lat' dir='ltr'>tactus,</span> <span class='ocrx_word' id='word_1_185' title='bbox 1009 2092 1103 2156; x_wconf 89' lang='lat' dir='ltr'>utpote</span> <span class='ocrx_word' id='word_1_186' title='bbox 1112 2088 1160 2156; x_wconf 94' lang='lat' dir='ltr'>qui</span> <span class='ocrx_word' id='word_1_187' title='bbox 1171 2104 1283 2156; x_wconf 87' lang='lat' dir='ltr'>semper</span> <span class='ocrx_word' id='word_1_188' title='bbox 1291 2088 1319 2142; x_wconf 89' lang='lat' dir='ltr'>in</span> <span class='ocrx_word' id='word_1_189' title='bbox 1328 2087 1519 2157; x_wconf 79' lang='lat' dir='ltr'>Dominopietatir</span> <span class='ocrx_word' id='word_1_190' title='bbox 1563 2142 1565 2159; x_wconf 49' lang='grc' dir='ltr'>Ι</span> 
     </span>
     <span class='ocr_line' id='line_1_22' title="bbox 329 2185 1519 2255; baseline -0.003 -15"><span class='ocrx_word' id='word_1_191' title='bbox 329 2186 462 2240; x_wconf 84' lang='lat' dir='ltr'>affluebat</span> <span class='ocrx_word' id='word_1_192' title='bbox 473 2185 632 2250; x_wconf 87' lang='lat' dir='ltr'>visceribus,</span> <span class='ocrx_word' id='word_1_193' title='bbox 642 2203 753 2240; x_wconf 85' lang='lat' dir='ltr'>summa</span> <span class='ocrx_word' id='word_1_194' title='bbox 763 2203 825 2240; x_wconf 91' lang='lat' dir='ltr'>cum</span> <span class='ocrx_word' id='word_1_195' title='bbox 839 2186 1017 2240; x_wconf 83' lang='lat' dir='ltr'>festinatione</span> <span class='ocrx_word' id='word_1_196' title='bbox 1032 2191 1160 2255; x_wconf 85' lang='lat' dir='ltr'>properat</span> <span class='ocrx_word' id='word_1_197' title='bbox 1169 2186 1216 2239; x_wconf 92' lang='lat' dir='ltr'>ubi</span> <span class='ocrx_word' id='word_1_198' title='bbox 1229 2186 1273 2240; x_wconf 88' lang='lat' dir='ltr'>vir</span> <span class='ocrx_word' id='word_1_199' title='bbox 1284 2187 1333 2240; x_wconf 89' lang='lat' dir='ltr'>Dei</span> <span class='ocrx_word' id='word_1_200' title='bbox 1344 2187 1469 2245; x_wconf 73' lang='lat' dir='ltr'>blaximm</span> <span class='ocrx_word' id='word_1_201' title='bbox 1475 2185 1519 2238; x_wconf 85' lang='lat' dir='ltr'>diri</span> 
     </span>
     <span class='ocr_line' id='line_1_23' title="bbox 330 2285 1518 2356; baseline -0.002 -17"><span class='ocrx_word' id='word_1_202' title='bbox 330 2285 424 2340; x_wconf 90' lang='lat' dir='ltr'>nitatis</span> <span class='ocrx_word' id='word_1_203' title='bbox 441 2301 493 2354; x_wconf 93' lang='lat' dir='ltr'>ope</span> <span class='ocrx_word' id='word_1_204' title='bbox 510 2289 643 2348; x_wconf 88' lang='lat' dir='ltr'>servatus,</span> <span class='ocrx_word' id='word_1_205' title='bbox 657 2285 719 2338; x_wconf 89' lang='lat' dir='ltr'>imis</span> <span class='ocrx_word' id='word_1_206' title='bbox 738 2285 917 2339; x_wconf 87' lang='lat' dir='ltr'>delitescebat</span> <span class='ocrx_word' id='word_1_207' title='bbox 933 2285 961 2339; x_wconf 94' lang='lat' dir='ltr'>in</span> <span class='ocrx_word' id='word_1_208' title='bbox 981 2285 1117 2339; x_wconf 84' lang='lat' dir='ltr'>fluctibus.</span> <span class='ocrx_word' id='word_1_209' title='bbox 1134 2285 1305 2356; x_wconf 81' lang='lat' dir='ltr'>Elevataque</span> <span class='ocrx_word' id='word_1_210' title='bbox 1323 2287 1483 2350; x_wconf 66' lang='lat' dir='ltr'>rocabenna</span> <span class='ocrx_word' id='word_1_211' title='bbox 1495 2285 1518 2337; x_wconf 83' lang='lat' dir='ltr'>ait</span> 
     </span>
     <span class='ocr_line' id='line_1_24' title="bbox 330 2374 1544 2455; baseline 0.002 -16"><span class='ocrx_word' id='word_1_212' title='bbox 330 2384 462 2439; x_wconf 79' lang='lat' dir='ltr'>Martinus</span> <span class='ocrx_word' id='word_1_213' title='bbox 474 2385 591 2438; x_wconf 82' lang='lat' dir='ltr'>:Frater</span> <span class='ocrx_word' id='word_1_214' title='bbox 603 2386 743 2439; x_wconf 75' lang='lat' dir='ltr'>Maxime?</span> <span class='ocrx_word' id='word_1_215' title='bbox 754 2384 791 2437; x_wconf 85' lang='lat' dir='ltr'>At</span> <span class='ocrx_word' id='word_1_216' title='bbox 802 2384 847 2438; x_wconf 89' lang='lat' dir='ltr'>ille</span> <span class='ocrx_word' id='word_1_217' title='bbox 859 2384 1001 2454; x_wconf 88' lang='lat' dir='ltr'>respondit</span> <span class='ocrx_word' id='word_1_218' title='bbox 1012 2404 1018 2438; x_wconf 77' lang='grc' dir='ltr'><strong>ε</strong></span> <span class='ocrx_word' id='word_1_219' title='bbox 1031 2387 1144 2438; x_wconf 78' lang='lat' dir='ltr'>Adsum.</span> <span class='ocrx_word' id='word_1_220' title='bbox 1156 2386 1190 2438; x_wconf 84' lang='lat' dir='ltr'>Et</span> <span class='ocrx_word' id='word_1_221' title='bbox 1199 2385 1333 2439; x_wconf 83' lang='lat' dir='ltr'>Martinus</span> <span class='ocrx_word' id='word_1_222' title='bbox 1342 2405 1349 2439; x_wconf 76' lang='grc' dir='ltr'><strong><em>ε</em></strong></span> <span class='ocrx_word' id='word_1_223' title='bbox 1359 2374 1544 2455; x_wconf 61' lang='lat' dir='ltr'>Nunqeidnit&#39;</span> 
     </span>
     <span class='ocr_line' id='line_1_25' title="bbox 330 2484 1517 2552; baseline 0.001 -15"><span class='ocrx_word' id='word_1_224' title='bbox 330 2486 417 2538; x_wconf 78' lang='lat' dir='ltr'>verbis</span> <span class='ocrx_word' id='word_1_225' title='bbox 429 2485 495 2537; x_wconf 78' lang='lat' dir='ltr'>meio</span> <span class='ocrx_word' id='word_1_226' title='bbox 505 2486 668 2550; x_wconf 83' lang='lat' dir='ltr'>contemptio,</span> <span class='ocrx_word' id='word_1_227' title='bbox 680 2501 781 2537; x_wconf 79' lang='lat' dir='ltr'>mecum</span> <span class='ocrx_word' id='word_1_228' title='bbox 792 2501 902 2552; x_wconf 77' lang='lat' dir='ltr'>perpere</span> <span class='ocrx_word' id='word_1_229' title='bbox 913 2484 1027 2537; x_wconf 85' lang='lat' dir='ltr'>Romam</span> <span class='ocrx_word' id='word_1_230' title='bbox 1039 2501 1152 2537; x_wconf 79' lang='lat' dir='ltr'>rursum</span> <span class='ocrx_word' id='word_1_231' title='bbox 1161 2492 1186 2538; x_wconf 85' lang='lat' dir='ltr'>te</span> <span class='ocrx_word' id='word_1_232' title='bbox 1197 2486 1328 2552; x_wconf 74' lang='lat' dir='ltr'>neyobr&#39;sl</span> <span class='ocrx_word' id='word_1_233' title='bbox 1338 2485 1379 2539; x_wconf 82' lang='lat' dir='ltr'>nd</span> <span class='ocrx_word' id='word_1_234' title='bbox 1387 2485 1517 2550; x_wconf 77' lang='lat' dir='ltr'>lucium</span> 
     </span>
     <span class='ocr_line' id='line_1_26' title="bbox 331 2580 1517 2650; baseline 0 -16"><span class='ocrx_word' id='word_1_235' title='bbox 331 2598 428 2636; x_wconf 87' lang='lat' dir='ltr'>vocem</span> <span class='ocrx_word' id='word_1_236' title='bbox 447 2582 519 2635; x_wconf 85' lang='lat' dir='ltr'>beati</span> <span class='ocrx_word' id='word_1_237' title='bbox 537 2581 654 2644; x_wconf 78' lang='lat' dir='ltr'>Martini,</span> <span class='ocrx_word' id='word_1_238' title='bbox 673 2583 764 2635; x_wconf 89' lang='lat' dir='ltr'>subito</span> <span class='ocrx_word' id='word_1_239' title='bbox 784 2582 982 2650; x_wconf 89' lang='lat' dir='ltr'>omnipotentis</span> <span class='ocrx_word' id='word_1_240' title='bbox 998 2583 1048 2636; x_wconf 89' lang='lat' dir='ltr'>Dei</span> <span class='ocrx_word' id='word_1_241' title='bbox 1067 2584 1168 2637; x_wconf 85' lang='lat' dir='ltr'>virtute</span> <span class='ocrx_word' id='word_1_242' title='bbox 1181 2583 1306 2637; x_wconf 80' lang='lat' dir='ltr'>elevatur</span> <span class='ocrx_word' id='word_1_243' title='bbox 1323 2585 1357 2638; x_wconf 88' lang='lat' dir='ltr'>de</span> <span class='ocrx_word' id='word_1_244' title='bbox 1373 2580 1517 2639; x_wconf 79' lang='lat' dir='ltr'>nucubnttr</span> 
     </span>
     <span class='ocr_line' id='line_1_27' title="bbox 332 2678 1517 2750; baseline 0 -15"><span class='ocrx_word' id='word_1_245' title='bbox 332 2681 496 2743; x_wconf 84' lang='lat' dir='ltr'>reverendis,</span> <span class='ocrx_word' id='word_1_246' title='bbox 507 2686 591 2748; x_wconf 83' lang='lat' dir='ltr'>abque</span> <span class='ocrx_word' id='word_1_247' title='bbox 607 2681 843 2734; x_wconf 88' lang='lat' dir='ltr'>circumstantium</span> <span class='ocrx_word' id='word_1_248' title='bbox 860 2681 1053 2750; x_wconf 89' lang='lat' dir='ltr'>conspectibus</span> <span class='ocrx_word' id='word_1_249' title='bbox 1070 2681 1148 2735; x_wconf 83' lang='lat' dir='ltr'>laetus</span> <span class='ocrx_word' id='word_1_250' title='bbox 1165 2688 1347 2750; x_wconf 80' lang='lat' dir='ltr'>praesentatur</span> <span class='ocrx_word' id='word_1_251' title='bbox 1362 2688 1389 2737; x_wconf 88' lang='lat' dir='ltr'>et</span> <span class='ocrx_word' id='word_1_252' title='bbox 1403 2678 1517 2747; x_wconf 67' lang='lat' dir='ltr'>sauunqd</span> 
     </span>
     <span class='ocr_line' id='line_1_28' title="bbox 333 2780 1517 2848; baseline -0.001 -14"><span class='ocrx_word' id='word_1_253' title='bbox 333 2780 477 2834; x_wconf 82' lang='lat' dir='ltr'>confestim</span> <span class='ocrx_word' id='word_1_254' title='bbox 495 2796 596 2833; x_wconf 85' lang='lat' dir='ltr'>cernua</span> <span class='ocrx_word' id='word_1_255' title='bbox 614 2780 694 2833; x_wconf 91' lang='lat' dir='ltr'>beato</span> <span class='ocrx_word' id='word_1_256' title='bbox 711 2780 828 2834; x_wconf 81' lang='lat' dir='ltr'>Martino</span> <span class='ocrx_word' id='word_1_257' title='bbox 846 2781 993 2834; x_wconf 82' lang='lat' dir='ltr'>devotione</span> <span class='ocrx_word' id='word_1_258' title='bbox 1010 2782 1157 2848; x_wconf 70' lang='lat' dir='ltr'>spondet*</span> <span class='ocrx_word' id='word_1_259' title='bbox 1174 2786 1203 2834; x_wconf 91' lang='lat' dir='ltr'>et</span> <span class='ocrx_word' id='word_1_260' title='bbox 1219 2781 1339 2836; x_wconf 83' lang='lat' dir='ltr'>Romam</span> <span class='ocrx_word' id='word_1_261' title='bbox 1357 2799 1448 2837; x_wconf 89' lang='lat' dir='ltr'>secum</span> <span class='ocrx_word' id='word_1_262' title='bbox 1464 2797 1487 2833; x_wconf 92' lang='lat' dir='ltr'>eo</span> <span class='ocrx_word' id='word_1_263' title='bbox 1500 2783 1517 2830; x_wconf 84' lang='lat' dir='ltr'>ct</span> 
     </span>
     <span class='ocr_line' id='line_1_29' title="bbox 333 2864 1544 2947; baseline -0.003 -14"><span class='ocrx_word' id='word_1_264' title='bbox 333 2895 508 2947; x_wconf 91' lang='lat' dir='ltr'>quocumque</span> <span class='ocrx_word' id='word_1_265' title='bbox 517 2878 629 2946; x_wconf 73' lang='lat' dir='ltr'>iusserit</span> <span class='ocrx_word' id='word_1_266' title='bbox 639 2879 788 2933; x_wconf 89' lang='lat' dir='ltr'>abiturum.</span> <span class='ocrx_word' id='word_1_267' title='bbox 1526 2864 1544 2912; x_wconf 72' lang='lat'>¹⁸</span> 
     </span>
    </p>
   </div>
   <div class='ocr_carea' id='block_1_7' title="bbox 499 3159 1397 3245">
    <p class='ocr_par' dir='ltr' id='par_1_7' title="bbox 499 3159 1397 3245">
     <span class='ocr_line' id='line_1_30' title="bbox 499 3159 1397 3245; baseline 0.007 -24"><span class='ocrx_word' id='word_1_268' title='bbox 499 3179 537 3222; x_wconf 84' lang='lat' dir='ltr'>ou</span> <span class='ocrx_word' id='word_1_269' title='bbox 560 3178 660 3221; x_wconf 81' lang='lat' dir='ltr'>rouen</span> <span class='ocrx_word' id='word_1_270' title='bbox 681 3179 797 3223; x_wconf 76' lang='lat' dir='ltr'>sanum</span> <span class='ocrx_word' id='word_1_271' title='bbox 819 3180 964 3223; x_wconf 71' lang='lat' dir='ltr'>uterino.</span> <span class='ocrx_word' id='word_1_272' title='bbox 989 3159 1064 3241; x_wconf 82' lang='lat' dir='ltr'>(cn.</span> <span class='ocrx_word' id='word_1_273' title='bbox 1088 3179 1197 3242; x_wconf 80' lang='lat' dir='ltr'>supra,</span> <span class='ocrx_word' id='word_1_274' title='bbox 1220 3182 1295 3244; x_wconf 84' lang='lat' dir='ltr'>pag.</span> <span class='ocrx_word' id='word_1_275' title='bbox 1315 3162 1397 3245; x_wconf 77' lang='lat' dir='ltr'>tet.)</span> 
     </span>
    </p>
   </div>
   <div class='ocr_carea' id='block_1_8' title="bbox 417 3366 1565 3447">
    <p class='ocr_par' dir='ltr' id='par_1_8' title="bbox 417 3366 1565 3447">
     <span class='ocr_line' id='line_1_31' title="bbox 417 3366 1565 3447; baseline -0.003 -11"><span class='ocrx_word' id='word_1_276' title='bbox 417 3375 593 3436; x_wconf 81' lang='lat' dir='ltr'>Narratio</span> <span class='ocrx_word' id='word_1_277' title='bbox 615 3376 800 3447; x_wconf 75' lang='lat' dir='ltr'>cujusdam</span> <span class='ocrx_word' id='word_1_278' title='bbox 820 3375 920 3434; x_wconf 86' lang='lat' dir='ltr'>servl</span> <span class='ocrx_word' id='word_1_279' title='bbox 940 3377 1005 3434; x_wconf 88' lang='lat' dir='ltr'>Del</span> <span class='ocrx_word' id='word_1_280' title='bbox 1027 3377 1071 3435; x_wconf 88' lang='lat' dir='ltr'>de</span> <span class='ocrx_word' id='word_1_281' title='bbox 1094 3377 1272 3436; x_wconf 68' lang='lat' dir='ltr'>ooumaett</span> <span class='ocrx_word' id='word_1_282' title='bbox 1293 3377 1465 3437; x_wconf 73' lang='lat' dir='ltr'>amotione.</span> <span class='ocrx_word' id='word_1_283' title='bbox 1561 3366 1565 3411; x_wconf 69' lang='lat'>&#39;¹</span> 
     </span>
    </p>
   </div>
   <div class='ocr_carea' id='block_1_9' title="bbox 336 3579 1565 4726">
    <p class='ocr_par' dir='ltr' id='par_1_9' title="bbox 336 3579 1565 4142">
     <span class='ocr_line' id='line_1_32' title="bbox 379 3579 1565 3659; baseline -0.012 -21"><span class='ocrx_word' id='word_1_284' title='bbox 379 3583 411 3638; x_wconf 83' lang='lat'>1.</span> <span class='ocrx_word' id='word_1_285' title='bbox 435 3580 569 3636; x_wconf 77' lang='lat' dir='ltr'>Ecclesiae</span> <span class='ocrx_word' id='word_1_286' title='bbox 587 3580 759 3633; x_wconf 87' lang='lat' dir='ltr'>Hasbauicus</span> <span class='ocrx_word' id='word_1_287' title='bbox 770 3580 892 3634; x_wconf 84' lang='lat' dir='ltr'>ambitus</span> <span class='ocrx_word' id='word_1_288' title='bbox 904 3580 1059 3648; x_wconf 90' lang='lat' dir='ltr'>complures</span> <span class='ocrx_word' id='word_1_289' title='bbox 1076 3579 1162 3633; x_wconf 89' lang='lat' dir='ltr'>habet</span> <span class='ocrx_word' id='word_1_290' title='bbox 1177 3597 1239 3648; x_wconf 82' lang='lat' dir='ltr'>quae</span> <span class='ocrx_word' id='word_1_291' title='bbox 1256 3581 1363 3636; x_wconf 78' lang='lat' dir='ltr'>Martini</span> <span class='ocrx_word' id='word_1_292' title='bbox 1381 3579 1482 3648; x_wconf 84' lang='lat' dir='ltr'>reliquiis</span> <span class='ocrx_word' id='word_1_293' title='bbox 1493 3580 1523 3628; x_wconf 82' lang='lat' dir='ltr'>aut</span> <span class='ocrx_word' id='word_1_294' title='bbox 1562 3592 1565 3659; x_wconf 62' lang='lat' dir='ltr'>p</span> 
     </span>
     <span class='ocr_line' id='line_1_33' title="bbox 336 3664 1565 3752; baseline -0.007 -16"><span class='ocrx_word' id='word_1_295' title='bbox 336 3680 494 3752; x_wconf 89' lang='lat' dir='ltr'>patrociniis</span> <span class='ocrx_word' id='word_1_296' title='bbox 505 3679 645 3748; x_wconf 89' lang='lat' dir='ltr'>plaudunt.</span> <span class='ocrx_word' id='word_1_297' title='bbox 659 3676 781 3743; x_wconf 87' lang='lat' dir='ltr'>Quarum</span> <span class='ocrx_word' id='word_1_298' title='bbox 795 3675 823 3729; x_wconf 93' lang='lat' dir='ltr'>in</span> <span class='ocrx_word' id='word_1_299' title='bbox 836 3693 891 3729; x_wconf 90' lang='lat' dir='ltr'>una</span> <span class='ocrx_word' id='word_1_300' title='bbox 903 3676 1008 3729; x_wconf 83' lang='lat' dir='ltr'>celebre</span> <span class='ocrx_word' id='word_1_301' title='bbox 1021 3677 1172 3729; x_wconf 87' lang='lat' dir='ltr'>ostendisse</span> <span class='ocrx_word' id='word_1_302' title='bbox 1183 3677 1348 3731; x_wconf 88' lang='lat' dir='ltr'>miraculum</span> <span class='ocrx_word' id='word_1_303' title='bbox 1360 3682 1470 3731; x_wconf 88' lang='lat' dir='ltr'>sanctum</span> <span class='ocrx_word' id='word_1_304' title='bbox 1479 3673 1523 3727; x_wconf 80' lang='lat' dir='ltr'>litt·</span> <span class='ocrx_word' id='word_1_305' title='bbox 1563 3664 1565 3695; x_wconf 83' lang='lat'><strong>¹</strong></span> 
     </span>
     <span class='ocr_line' id='line_1_34' title="bbox 336 3734 1565 3846; baseline -0.006 -11"><span class='ocrx_word' id='word_1_306' title='bbox 336 3782 424 3835; x_wconf 89' lang='lat' dir='ltr'>tinum</span> <span class='ocrx_word' id='word_1_307' title='bbox 437 3779 494 3832; x_wconf 91' lang='lat' dir='ltr'>scio</span> <span class='ocrx_word' id='word_1_308' title='bbox 512 3777 670 3831; x_wconf 89' lang='lat' dir='ltr'>certissime.</span> <span class='ocrx_word' id='word_1_309' title='bbox 688 3776 850 3829; x_wconf 86' lang='lat' dir='ltr'>Nostrorum</span> <span class='ocrx_word' id='word_1_310' title='bbox 869 3775 949 3829; x_wconf 90' lang='lat' dir='ltr'>multi</span> <span class='ocrx_word' id='word_1_311' title='bbox 967 3774 1163 3844; x_wconf 87' lang='lat' dir='ltr'>pauperculum</span> <span class='ocrx_word' id='word_1_312' title='bbox 1181 3775 1218 3829; x_wconf 93' lang='lat' dir='ltr'>ibi</span> <span class='ocrx_word' id='word_1_313' title='bbox 1236 3776 1364 3831; x_wconf 78' lang='lat' dir='ltr'>viderunt</span> <span class='ocrx_word' id='word_1_314' title='bbox 1379 3791 1484 3846; x_wconf 79' lang='lat' dir='ltr'>puerum.</span> <span class='ocrx_word' id='word_1_315' title='bbox 1495 3734 1565 3840; x_wconf 50' lang='lat' dir='ltr'>qest!</span> 
     </span>
     <span class='ocr_line' id='line_1_35' title="bbox 337 3873 1526 3939; baseline -0.01 -5"><span class='ocrx_word' id='word_1_316' title='bbox 337 3884 493 3934; x_wconf 86' lang='lat' dir='ltr'>contractus</span> <span class='ocrx_word' id='word_1_317' title='bbox 505 3878 533 3930; x_wconf 93' lang='lat' dir='ltr'>in</span> <span class='ocrx_word' id='word_1_318' title='bbox 550 3875 651 3930; x_wconf 92' lang='lat' dir='ltr'>lectulo</span> <span class='ocrx_word' id='word_1_319' title='bbox 672 3874 819 3928; x_wconf 90' lang='lat' dir='ltr'>tenebatur</span> <span class='ocrx_word' id='word_1_320' title='bbox 841 3874 877 3927; x_wconf 87' lang='lat' dir='ltr'>ab</span> <span class='ocrx_word' id='word_1_321' title='bbox 895 3874 1017 3927; x_wconf 82' lang='lat' dir='ltr'>inlantia.</span> <span class='ocrx_word' id='word_1_322' title='bbox 1031 3873 1186 3939; x_wconf 84' lang='lat' dir='ltr'>Enimvero,</span> <span class='ocrx_word' id='word_1_323' title='bbox 1204 3879 1235 3928; x_wconf 90' lang='lat' dir='ltr'>nt</span> <span class='ocrx_word' id='word_1_324' title='bbox 1252 3875 1365 3930; x_wconf 87' lang='lat' dir='ltr'>beatum</span> <span class='ocrx_word' id='word_1_325' title='bbox 1381 3875 1487 3930; x_wconf 83' lang='lat' dir='ltr'>excolere</span> <span class='ocrx_word' id='word_1_326' title='bbox 1497 3882 1526 3922; x_wconf 78' lang='lat' dir='ltr'>ut</span> 
     </span>
     <span class='ocr_line' id='line_1_36' title="bbox 337 3953 1565 4040; baseline -0.005 -10"><span class='ocrx_word' id='word_1_327' title='bbox 337 3976 484 4030; x_wconf 81' lang='lat' dir='ltr'>blattinum</span> <span class='ocrx_word' id='word_1_328' title='bbox 497 3973 596 4037; x_wconf 86' lang='lat' dir='ltr'>hausit,</span> <span class='ocrx_word' id='word_1_329' title='bbox 607 3972 688 4039; x_wconf 73' lang='lat' dir='ltr'>corpit</span> <span class='ocrx_word' id='word_1_330' title='bbox 699 3987 744 4024; x_wconf 89' lang='lat' dir='ltr'>mo</span> <span class='ocrx_word' id='word_1_331' title='bbox 756 3976 786 4024; x_wconf 90' lang='lat' dir='ltr'>ut</span> <span class='ocrx_word' id='word_1_332' title='bbox 804 3971 955 4024; x_wconf 90' lang='lat' dir='ltr'>secundum</span> <span class='ocrx_word' id='word_1_333' title='bbox 968 3953 1114 4039; x_wconf 82' lang='lat' dir='ltr'>patronum</span> <span class='ocrx_word' id='word_1_334' title='bbox 1126 3971 1316 4040; x_wconf 79' lang='lat' dir='ltr'>frequentare;</span> <span class='ocrx_word' id='word_1_335' title='bbox 1328 3973 1399 4027; x_wconf 87' lang='lat' dir='ltr'>unde</span> <span class='ocrx_word' id='word_1_336' title='bbox 1408 3968 1527 4026; x_wconf 55' lang='lat' dir='ltr'>lactum&amp;</span> <span class='ocrx_word' id='word_1_337' title='bbox 1563 3968 1565 3976; x_wconf 88' lang='lat'>&#39;</span> 
     </span>
     <span class='ocr_line' id='line_1_37' title="bbox 338 4069 1461 4142; baseline -0.004 -14"><span class='ocrx_word' id='word_1_338' title='bbox 338 4080 369 4128; x_wconf 93' lang='lat' dir='ltr'>ut</span> <span class='ocrx_word' id='word_1_339' title='bbox 386 4075 475 4142; x_wconf 92' lang='lat' dir='ltr'>ipsum</span> <span class='ocrx_word' id='word_1_340' title='bbox 488 4089 534 4125; x_wconf 91' lang='lat' dir='ltr'>me</span> <span class='ocrx_word' id='word_1_341' title='bbox 544 4072 698 4125; x_wconf 87' lang='lat' dir='ltr'>visitantem</span> <span class='ocrx_word' id='word_1_342' title='bbox 709 4070 839 4132; x_wconf 88' lang='lat' dir='ltr'>studiose,</span> <span class='ocrx_word' id='word_1_343' title='bbox 849 4069 888 4122; x_wconf 91' lang='lat' dir='ltr'>rei</span> <span class='ocrx_word' id='word_1_344' title='bbox 900 4074 982 4137; x_wconf 69' lang='lat' dir='ltr'>gestae</span> <span class='ocrx_word' id='word_1_345' title='bbox 994 4069 1139 4123; x_wconf 86' lang='lat' dir='ltr'>veritatem</span> <span class='ocrx_word' id='word_1_346' title='bbox 1151 4071 1286 4139; x_wconf 79' lang='lat' dir='ltr'>exigendo</span> <span class='ocrx_word' id='word_1_347' title='bbox 1298 4072 1461 4126; x_wconf 86' lang='lat' dir='ltr'>discuterem.</span> 
     </span>
    </p>

    <p class='ocr_par' dir='ltr' id='par_1_10' title="bbox 341 4157 1555 4726">
     <span class='ocr_line' id='line_1_38' title="bbox 380 4157 1528 4233; baseline -0.008 -10"><span class='ocrx_word' id='word_1_348' title='bbox 380 4171 414 4228; x_wconf 80' lang='lat'>2.</span> <span class='ocrx_word' id='word_1_349' title='bbox 441 4171 566 4232; x_wconf 77' lang='lat' dir='ltr'>“Deus‚„</span> <span class='ocrx_word' id='word_1_350' title='bbox 581 4167 678 4233; x_wconf 88' lang='lat' dir='ltr'>inquit,</span> <span class='ocrx_word' id='word_1_351' title='bbox 693 4165 805 4231; x_wconf 82' lang='lat' dir='ltr'>“justus</span> <span class='ocrx_word' id='word_1_352' title='bbox 815 4165 907 4232; x_wconf 85' lang='lat' dir='ltr'>judex,</span> <span class='ocrx_word' id='word_1_353' title='bbox 920 4164 1012 4217; x_wconf 90' lang='lat' dir='ltr'>nescio</span> <span class='ocrx_word' id='word_1_354' title='bbox 1025 4180 1081 4232; x_wconf 92' lang='lat' dir='ltr'>quo</span> <span class='ocrx_word' id='word_1_355' title='bbox 1095 4164 1218 4231; x_wconf 85' lang='lat' dir='ltr'>consilio,</span> <span class='ocrx_word' id='word_1_356' title='bbox 1230 4182 1276 4219; x_wconf 90' lang='lat' dir='ltr'>me</span> <span class='ocrx_word' id='word_1_357' title='bbox 1287 4166 1396 4220; x_wconf 89' lang='lat' dir='ltr'>strinxit</span> <span class='ocrx_word' id='word_1_358' title='bbox 1404 4166 1437 4219; x_wconf 88' lang='lat' dir='ltr'>ab</span> <span class='ocrx_word' id='word_1_359' title='bbox 1446 4157 1528 4218; x_wconf 74' lang='lat' dir='ltr'>infun</span> 
     </span>
     <span class='ocr_line' id='line_1_39' title="bbox 341 4250 1555 4339; baseline -0.011 -15"><span class='ocrx_word' id='word_1_360' title='bbox 341 4273 352 4295; x_wconf 81' lang='lat'>⁸</span> <span class='ocrx_word' id='word_1_361' title='bbox 366 4270 482 4339; x_wconf 72' lang='lat' dir='ltr'>ligatura</span> <span class='ocrx_word' id='word_1_362' title='bbox 495 4269 675 4320; x_wconf 79' lang='lat' dir='ltr'>contractura</span> <span class='ocrx_word' id='word_1_363' title='bbox 681 4282 688 4326; x_wconf 85' lang='lat'>;</span> <span class='ocrx_word' id='word_1_364' title='bbox 701 4277 766 4314; x_wconf 88' lang='lat' dir='ltr'>nam</span> <span class='ocrx_word' id='word_1_365' title='bbox 778 4260 905 4314; x_wconf 90' lang='lat' dir='ltr'>undecim</span> <span class='ocrx_word' id='word_1_366' title='bbox 918 4276 1054 4314; x_wconf 90' lang='lat' dir='ltr'>annorum</span> <span class='ocrx_word' id='word_1_367' title='bbox 1064 4260 1199 4314; x_wconf 89' lang='lat' dir='ltr'>curricula</span> <span class='ocrx_word' id='word_1_368' title='bbox 1207 4262 1302 4328; x_wconf 88' lang='lat' dir='ltr'>jacens</span> <span class='ocrx_word' id='word_1_369' title='bbox 1311 4263 1387 4333; x_wconf 69' lang='lat' dir='ltr'>exegi</span> <span class='ocrx_word' id='word_1_370' title='bbox 1396 4261 1479 4316; x_wconf 82' lang='lat' dir='ltr'>debilis</span> <span class='ocrx_word' id='word_1_371' title='bbox 1485 4250 1555 4311; x_wconf 58' lang='lat' dir='ltr'>torst</span> 
     </span>
     <span class='ocr_line' id='line_1_40' title="bbox 342 4359 1528 4433; baseline -0.01 -11"><span class='ocrx_word' id='word_1_372' title='bbox 342 4372 352 4394; x_wconf 87' lang='lat'>⁸</span> <span class='ocrx_word' id='word_1_373' title='bbox 367 4368 442 4422; x_wconf 87' lang='lat' dir='ltr'>nulla</span> <span class='ocrx_word' id='word_1_374' title='bbox 454 4364 575 4433; x_wconf 87' lang='lat' dir='ltr'>corporis</span> <span class='ocrx_word' id='word_1_375' title='bbox 587 4368 664 4431; x_wconf 89' lang='lat' dir='ltr'>parte</span> <span class='ocrx_word' id='word_1_376' title='bbox 676 4381 683 4415; x_wconf 91' lang='lat'>:</span> <span class='ocrx_word' id='word_1_377' title='bbox 696 4377 759 4414; x_wconf 91' lang='lat' dir='ltr'>crus</span> <span class='ocrx_word' id='word_1_378' title='bbox 771 4359 857 4422; x_wconf 85' lang='lat' dir='ltr'>lateri,</span> <span class='ocrx_word' id='word_1_379' title='bbox 871 4359 941 4412; x_wconf 88' lang='lat' dir='ltr'>talus</span> <span class='ocrx_word' id='word_1_380' title='bbox 954 4361 1012 4413; x_wconf 88' lang='lat' dir='ltr'>nati</span> <span class='ocrx_word' id='word_1_381' title='bbox 1025 4359 1184 4428; x_wconf 88' lang='lat' dir='ltr'>applicatus,</span> <span class='ocrx_word' id='word_1_382' title='bbox 1192 4366 1220 4413; x_wconf 89' lang='lat' dir='ltr'>et</span> <span class='ocrx_word' id='word_1_383' title='bbox 1229 4360 1322 4415; x_wconf 87' lang='lat' dir='ltr'>iutlexi</span> <span class='ocrx_word' id='word_1_384' title='bbox 1331 4363 1406 4430; x_wconf 89' lang='lat' dir='ltr'>pedis</span> <span class='ocrx_word' id='word_1_385' title='bbox 1417 4362 1528 4415; x_wconf 70' lang='lat' dir='ltr'>introrsum</span> 
     </span>
     <span class='ocr_line' id='line_1_41' title="bbox 342 4457 1529 4535; baseline -0.013 -15"><span class='ocrx_word' id='word_1_386' title='bbox 342 4469 352 4491; x_wconf 77' lang='lat'>⁸</span> <span class='ocrx_word' id='word_1_387' title='bbox 367 4465 443 4535; x_wconf 75' lang='lat' dir='ltr'>digiti</span> <span class='ocrx_word' id='word_1_388' title='bbox 452 4462 519 4518; x_wconf 88' lang='lat' dir='ltr'>nulli</span> <span class='ocrx_word' id='word_1_389' title='bbox 529 4461 590 4515; x_wconf 93' lang='lat' dir='ltr'>usui</span> <span class='ocrx_word' id='word_1_390' title='bbox 603 4459 749 4528; x_wconf 87' lang='lat' dir='ltr'>patebant;</span> <span class='ocrx_word' id='word_1_391' title='bbox 761 4457 834 4511; x_wconf 90' lang='lat' dir='ltr'>latus</span> <span class='ocrx_word' id='word_1_392' title='bbox 843 4457 950 4510; x_wconf 90' lang='lat' dir='ltr'>aridum</span> <span class='ocrx_word' id='word_1_393' title='bbox 960 4458 1101 4510; x_wconf 89' lang='lat' dir='ltr'>marcebat</span> <span class='ocrx_word' id='word_1_394' title='bbox 1112 4473 1200 4527; x_wconf 89' lang='lat' dir='ltr'>usque</span> <span class='ocrx_word' id='word_1_395' title='bbox 1211 4459 1247 4511; x_wconf 90' lang='lat' dir='ltr'>ad</span> <span class='ocrx_word' id='word_1_396' title='bbox 1259 4459 1365 4514; x_wconf 88' lang='lat' dir='ltr'>brachii</span> <span class='ocrx_word' id='word_1_397' title='bbox 1373 4458 1529 4512; x_wconf 69' lang='lat' dir='ltr'>summitatem</span> 
     </span>
     <span class='ocr_line' id='line_1_42' title="bbox 342 4553 1530 4633; baseline -0.011 -15"><span class='ocrx_word' id='word_1_398' title='bbox 342 4566 409 4618; x_wconf 82' lang='lat' dir='ltr'>&#39;lta</span> <span class='ocrx_word' id='word_1_399' title='bbox 426 4564 522 4633; x_wconf 92' lang='lat' dir='ltr'>plenus</span> <span class='ocrx_word' id='word_1_400' title='bbox 539 4559 664 4623; x_wconf 90' lang='lat' dir='ltr'>miseriis,</span> <span class='ocrx_word' id='word_1_401' title='bbox 684 4574 756 4625; x_wconf 70' lang='lat' dir='ltr'>saepe</span> <span class='ocrx_word' id='word_1_402' title='bbox 775 4555 896 4609; x_wconf 88' lang='lat' dir='ltr'>lacrimis</span> <span class='ocrx_word' id='word_1_403' title='bbox 919 4556 1063 4621; x_wconf 65' lang='lat' dir='ltr'>medebam</span> <span class='ocrx_word' id='word_1_404' title='bbox 1084 4555 1160 4610; x_wconf 88' lang='lat' dir='ltr'>nulla</span> <span class='ocrx_word' id='word_1_405' title='bbox 1178 4557 1253 4611; x_wconf 88' lang='lat' dir='ltr'>euim</span> <span class='ocrx_word' id='word_1_406' title='bbox 1269 4575 1332 4627; x_wconf 74' lang='lat' dir='ltr'>spes</span> <span class='ocrx_word' id='word_1_407' title='bbox 1356 4553 1530 4612; x_wconf 77' lang='lat' dir='ltr'>alimoniaeeu</span> 
     </span>
     <span class='ocr_line' id='line_1_43' title="bbox 342 4650 1530 4726; baseline -0.01 -9"><span class='ocrx_word' id='word_1_408' title='bbox 342 4662 444 4726; x_wconf 75' lang='lat' dir='ltr'>&#39;mihi</span> <span class='ocrx_word' id='word_1_409' title='bbox 464 4660 516 4714; x_wconf 89' lang='lat' dir='ltr'>nisi</span> <span class='ocrx_word' id='word_1_410' title='bbox 537 4657 737 4712; x_wconf 79' lang='lat' dir='ltr'>misericordiae.</span> <span class='ocrx_word' id='word_1_411' title='bbox 759 4655 847 4710; x_wconf 83' lang='lat' dir='ltr'>Festis</span> <span class='ocrx_word' id='word_1_412' title='bbox 870 4655 967 4709; x_wconf 91' lang='lat' dir='ltr'>diebus</span> <span class='ocrx_word' id='word_1_413' title='bbox 990 4654 1103 4724; x_wconf 74' lang='lat' dir='ltr'>singulis</span> <span class='ocrx_word' id='word_1_414' title='bbox 1126 4661 1153 4708; x_wconf 93' lang='lat' dir='ltr'>et</span> <span class='ocrx_word' id='word_1_415' title='bbox 1172 4655 1319 4711; x_wconf 91' lang='lat' dir='ltr'>dominicis</span> <span class='ocrx_word' id='word_1_416' title='bbox 1335 4658 1427 4713; x_wconf 88' lang='lat' dir='ltr'>diebus</span> <span class='ocrx_word' id='word_1_417' title='bbox 1441 4650 1530 4709; x_wconf 70' lang='lat' dir='ltr'>vehem</span> 
     </span>
    </p>
   </div>
   <div class='ocr_carea' id='block_1_10' title="bbox 0 0 1589 5392">
    <p class='ocr_par' dir='ltr' id='par_1_11' title="bbox 0 0 1589 5392">
     <span class='ocr_line' id='line_1_44' title="bbox 0 0 1589 5392; baseline 0 0"><span class='ocrx_word' id='word_1_418' title='bbox 0 0 1589 5392; x_wconf 95' lang='lat' dir='ltr'> </span> 
     </span>
    </p>
   </div>
  </div>
 </body>
</html>
