3142 5392
201 306 289 358 amu.
308 306 390 358 aru.
408 306 581 358 enarum.
600 328 647 337 -
664 306 811 359 seruus.
830 308 876 357 nu
894 307 973 358 con.
992 299 1030 358 ΝΟ
1047 305 1170 361 ttae-ro.
1225 287 1295 360 tel

137 512 154 547 a
160 496 317 562 pessimum,
330 511 416 562 supra
428 503 452 548 ct
464 503 542 548 extra
554 498 683 549 reuredum
693 513 752 549 cum
765 496 872 550 Christo
884 499 1054 564 spiritualem
1063 499 1221 551 alienantem
1231 513 1300 566 qua·

137 602 172 657 tes,
182 594 284 661 quibus,
296 595 347 647 lios
360 596 491 661 ferragine-s
502 598 529 646 in
542 597 706 648 secularium
715 598 846 649 oratorb's
856 597 1063 662 considerantes,
1073 599 1206 649 certerotio
1215 599 1301 662 sigui·

137 700 214 745 tarum
232 709 326 745 rerum
346 694 471 758 sufficere
490 694 605 746 debebat.
627 693 691 762 Ipsa
714 698 806 746 autem
828 693 938 765 quando
960 693 1080 747 maxime
1100 693 1221 761 jocunda
1240 711 1300 748 esse

137 790 221 857 ebatur,
229 790 313 855 flevit,
325 791 400 844 dictu
413 791 531 845 mirabili
541 790 623 844 simul
635 791 703 844 ssens
715 797 743 844 et
754 791 853 845 ridens.
865 792 933 858 Qua
944 791 1035 845 flendo
1047 808 1189 860 nunquam
1201 792 1300 847 faciem

137 905 193 957 ugus
202 894 249 941 aut
260 888 465 942 deformitatem
479 890 616 953 vertebat;
633 889 680 942 sed
693 889 867 942 serenissimo
881 889 959 943 vultu
970 895 999 943 et
1008 889 1214 957 jocundissimo,
1226 890 1302 944 velut

137 988 183 1042 rivo
193 987 267 1041 fonte
276 988 397 1042 lacrimae
409 989 467 1057 ejus
479 989 654 1041 emanabant.
666 987 718 1055 Qui
727 989 800 1041 enim
811 988 916 1041 vultum
927 988 954 1042 in
963 989 1029 1042 fletu
1038 989 1202 1054 deformant,
1211 990 1301 1044 adhuc

137 1087 275 1141 dammodo
284 1088 373 1140 Deum
384 1087 552 1140 deterrentes
562 1086 684 1140 nondum
696 1088 707 1110 “
719 1085 789 1139 sicut
798 1086 933 1140 columbae
944 1086 1015 1140 lacte
1034 1087 1097 1140 lotae
1110 1088 1188 1154 juxta
1199 1088 1301 1142 fluenta

136 1186 227 1239 tissima
242 1186 372 1239 resident.
385 1226 396 1250 ,

137 1282 175 1340 17.
196 1284 350 1353 Aliquando
367 1284 495 1352 quaedam
507 1284 672 1352 paupercula
687 1283 804 1352 provisis
822 1284 950 1338 omnibus
964 1301 981 1337 a
994 1284 1074 1338 beata
1087 1284 1226 1338 Elizabeth
1241 1300 1302 1351 qua

137 1398 178 1436 rem
189 1382 330 1451 pertinent,
339 1398 455 1450 puerum
465 1381 570 1451 peperit
583 1401 589 1434 ι
600 1382 674 1450 quod
686 1382 695 1415 ¹
707 1386 803 1435 sancta
814 1381 863 1435 Dei
881 1381 914 1434 de
930 1382 1092 1435 sacrofonte
1105 1382 1207 1446 levans,
1219 1382 1302 1435 Eliza-

137 1481 212 1535 biecit
223 1480 367 1535 nominari.
376 1481 442 1534 Post
454 1488 572 1549 quatuor
581 1481 770 1534 hebdomadas
779 1481 912 1534 beneficio
922 1485 1023 1534 sancta
1033 1481 1082 1533 Dei
1091 1482 1158 1535 satis
1167 1481 1304 1543 roborata,

137 1580 183 1633 aab
191 1597 222 1633 ca
232 1580 369 1634 licentiam
381 1581 500 1634 abeundi
510 1581 675 1650 paupercula
685 1581 733 1634 ilia
741 1580 898 1649 accepisset,
910 1580 1024 1649 pallium
1038 1597 1149 1649 quoque
1158 1586 1185 1634 et
1197 1580 1305 1635 calceos

137 1678 254 1732 tundecim
264 1680 393 1733 denarios
405 1680 582 1733 Colonienses
596 1678 730 1748 peplaque
742 1685 770 1732 et
781 1678 904 1732 manicas
916 1678 1030 1748 pelliciae
1045 1681 1104 1747 ejus
1117 1681 1151 1733 ad
1165 1680 1304 1734 involven-

137 1792 274 1844 npuerum,
292 1777 400 1832 lardum
413 1779 496 1831 etiam
516 1783 544 1831 et
555 1779 673 1832 farinam
693 1778 718 1831 ei
731 1777 843 1831 domina
859 1794 921 1831 sero
939 1778 997 1831 dari
1016 1778 1133 1838 iecisset,
1143 1778 1189 1832 illa
1199 1779 1304 1847 ingrata

137 1880 160 1927 to
174 1875 307 1938 beneficio,
320 1894 430 1931 summo
449 1894 531 1932 mane
548 1879 661 1932 dimisso
680 1878 734 1932 illic
753 1895 838 1948 puero
857 1878 969 1932 recessit
986 1895 1049 1932 eum
1070 1879 1129 1932 niro
1142 1895 1200 1931 suo.
1219 1877 1304 1932 Beata

137 1990 173 2028 em
183 1975 315 2029 Elizabetb
328 1993 390 2030 cum
404 1983 476 2031 esset
486 1977 513 2029 in
525 1977 640 2030 ecclesia
651 1982 715 2030 ante
733 1977 916 2046 inceptionem
926 1977 1130 2037 Matutinarum,
1140 1981 1168 2029 et
1177 1993 1304 2045 quarum·

137 2074 301 2141 nspecierum
314 2090 383 2142 quas
400 2074 428 2126 in
443 2074 582 2142 marsupio
594 2090 645 2127 suo
663 2074 784 2127 habebat
799 2074 948 2136 recordata,
961 2073 1057 2142 puellae
1067 2090 1123 2126 sure
1134 2073 1263 2142 precepit
1274 2077 1305 2126 ut

137 2170 245 2226 tinantius
253 2189 398 2226 accurrens
411 2173 497 2226 dictas
508 2172 617 2226 mulieri
629 2173 741 2242 pauperi
751 2174 855 2242 species
867 2173 1030 2241 deportaret.
1041 2172 1165 2226 Curritur
1174 2177 1201 2226 et
1213 2172 1304 2225 inians

137 2285 161 2322 us
174 2272 268 2340 ubsque
287 2273 448 2341 parentibus
466 2273 612 2326 invenitur.
631 2272 693 2338 Quo
712 2272 920 2341 cognito,beata
939 2272 1077 2325 Elisabeth
1096 2287 1209 2339 puerum
1226 2272 1304 2325 uxori

138 2369 216 2424 ustam
232 2371 244 2404 ¹
260 2370 356 2424 militis
374 2372 402 2424 in
419 2371 491 2435 uilla,
510 2388 544 2425 ne
562 2371 751 2440 negligeretur,
769 2371 969 2439 procurandum
990 2370 1149 2423 transmisit.
1169 2368 1305 2436 Quaeritur

137 2464 201 2521 tliera
214 2469 306 2523 multis
319 2486 367 2538 per
379 2469 438 2522 rias
450 2476 477 2523 et
495 2470 564 2536 loca,
580 2475 608 2523 et
622 2469 736 2522 minime
748 2469 893 2522 invenitur.
910 2468 1051 2522 Timentes
1063 2468 1160 2537 puellae
1172 2467 1305 2538 religiose

137 2566 249 2622 momina
266 2586 317 2623 sua
337 2568 498 2638 magistrum
518 2568 674 2622 Conradum
695 2584 777 2636 super
794 2566 963 2635 hujusmodi.
983 2566 1116 2620 instanter
1136 2567 1306 2636 compellunt

137 2663 213 2720 ninam
230 2684 307 2721 orare
325 2669 360 2722 ad
379 2667 536 2734 Dominum,
555 2667 686 2735 quatinus
705 2666 729 2719 ei
748 2665 825 2735 pueri
843 2671 960 2719 matrem
979 2666 1142 2735 quantocius
1160 2669 1305 2722 ostendere

137 2769 235 2819 caretur.
256 2768 359 2834 Nescio,
377 2766 464 2836 inquit
482 2766 537 2832 illa,
554 2769 633 2820 atiud
650 2783 667 2818 a
686 2767 802 2819 Domino
817 2773 913 2834 petere,
926 2767 982 2818 nisi
1000 2774 1029 2818 ut
1045 2768 1103 2833 ejus
1113 2768 1162 2832 fiat
1174 2769 1304 2820 uoluntas.

137 2858 264 2919 itnulta?
276 2866 352 2919 Hora
369 2867 514 2934 praeterita.
532 2865 671 2935 inopinate
689 2865 804 2918 maritus
822 2864 944 2932 ejusdem
963 2865 1135 2933 pauperculae
1153 2866 1305 2931 revertitur,

137 2972 186 3023 pam
194 2980 283 3017 coram
294 2963 423 3018 omnibus
432 2965 585 3027 confitetur,
595 2963 703 3018 ueniam
714 2962 855 3016 humiliter
863 2962 931 3032 petit
940 2967 967 3015 et
976 2963 1119 3017 mulierem
1130 2963 1157 3016 in
1167 2963 1227 3018 loco
1237 2981 1304 3032 quo·

137 3058 325 3116 nimmobiliter
336 3063 419 3116 fixam
432 3080 593 3131 permanere
605 3064 784 3116 demonstrat.
793 3061 959 3127 Accurritur,
968 3061 1114 3125 invenitur,
1123 3063 1205 3116 venia
1217 3064 1304 3127 datur,

137 3156 196 3212 tallia
207 3161 358 3231 calceisque
370 3162 469 3215 ablatis
481 3179 543 3215 cum
558 3162 661 3215 infante
675 3179 724 3215 suo
743 3162 855 3215 tandem
873 3161 949 3214 abire
960 3161 1134 3230 permittitur.
1148 3163 1222 3216 Teate
1241 3165 1304 3225 Deo,

137 3253 186 3310 cha
195 3259 237 3312 iila
248 3262 356 3329 saepiuS,
364 3279 466 3330 pueros
475 3280 545 3315 areos
553 3269 691 3329 turrigeram
701 3264 788 3314 atinam
794 3263 953 3330 prociarum
963 3264 992 3314 in
1001 3263 1097 3329 affectu
1107 3263 1198 3314 babeo.
1207 3262 1305 3315 Faciat

137 3369 165 3419 u,
174 3361 213 3410 cui
222 3376 264 3412 cos
275 3362 406 3426 corrrmisi,
415 3362 447 3413 de
459 3363 497 3412 eie
509 3363 580 3427 qaod
591 3361 745 3427 eibiptacet.

137 3448 178 3510 18.
197 3456 355 3510 Venientem
364 3456 511 3524 aliquando
517 3457 647 3524 iuvenem
657 3456 957 3511 nomineBertboldum
970 3458 1025 3510 ⁸ad
1035 3457 1085 3511 Dei
1095 3457 1235 3521 famulam,
1245 3457 1304 3526 ipsa

137 3565 228 3624 usuper
239 3554 355 3608 seculari
368 3560 442 3608 statu
456 3571 506 3608 suo
524 3554 624 3607 blande
642 3554 814 3623 corripiebat.
829 3556 850 3607 0
867 3558 985 3613 dorsuna.
1005 3554 1093 3623 inquit
1111 3554 1163 3619 ille,
1181 3564 1256 3609 orate
1272 3562 1303 3608 at

137 3655 286 3709 munemita
296 3655 401 3708 tribuat
411 3657 531 3722 gratiam
543 3656 580 3706 ud
591 3656 761 3707 seruiendum
773 3656 805 3707 et.
817 3654 850 3706 Et
866 3652 912 3706 illa
925 3673 931 3706 z
945 3655 1060 3722 Oportet,
1074 3653 1169 3722 inquit,
1181 3662 1211 3707 ut
1222 3657 1303 3707 ctiam

137 3752 244 3808 similiter
260 3755 367 3808 orando
384 3755 550 3818 adpretiata
563 3754 615 3804 Det
631 3760 655 3805 tc
672 3753 803 3805 hobiliter.
817 3753 849 3804 Et
860 3751 952 3805 statim
965 3753 1115 3806 secundum
1128 3753 1303 3806 consuetudi·

137 3862 222 3905 nsuam
231 3853 364 3906 secedens
374 3851 402 3903 in
411 3851 472 3905 loco
481 3855 595 3914 secreto,
605 3850 682 3903 flexis
691 3850 806 3918 genibus
815 3851 931 3903 contulit
939 3867 968 3903 se
980 3852 1015 3905 ad
1027 3852 1188 3905 orationem.
1198 3851 1302 3905 iuvene

137 3944 223 4003 ilitera
234 3950 349 4004 remotis
362 3954 465 4011 orante,
482 3949 563 4018 coepit
575 3949 637 4003 viva
649 3966 717 4002 voco
735 3950 872 4003 clamare:
888 3951 1000 4016 Cessare,
1018 3952 1136 4016 dorrttna,
1152 3960 1251 4004 cessate
1268 3953 1302 4004 ab

137 4048 201 4102 tune.
212 4049 261 4102 illa
278 4064 344 4103 vero
362 4048 453 4101 adbuc
470 4048 632 4116 persistente
644 4048 671 4102 in
683 4048 815 4110 oratione,
832 4048 991 4101 adolescens
1004 4064 1090 4117 usque
1102 4049 1183 4103 tertio
1202 4050 1302 4103 vocife-

137 4142 167 4199 it:
177 4149 207 4201 In
218 4152 325 4203 nomine
335 4149 448 4202 Domini
459 4165 507 4201 oro
520 4155 548 4200 ut
560 4151 666 4201 cessetis
677 4149 710 4200 ab
722 4151 851 4214 oratione,
861 4150 926 4216 guia
937 4151 997 4214 igne
1006 4157 1139 4201 crearetur
1146 4167 1230 4217 prope
1238 4152 1302 4216 defi·

148 4243 174 4298 Et
188 4262 283 4299 revera
300 4246 401 4298 virtute
419 4244 552 4298 orationis
570 4245 629 4311 ejus
641 4245 669 4297 in
682 4248 789 4297 tantum
808 4244 881 4297 intus
899 4245 1040 4307 aestuabat,
1058 4250 1089 4298 ut
1101 4250 1128 4298 et
1145 4245 1236 4308 sudor,
1253 4263 1302 4315 per

137 4358 160 4397 oe
169 4345 287 4414 corporis
300 4345 375 4399 iores
385 4360 575 4413 prorumpens,
584 4344 611 4396 in
623 4344 850 4398 vestimentorum
863 4344 922 4411 ejus
932 4343 1156 4397 immadidatione
1166 4344 1303 4400 interioris

137 4442 280 4498 instudicia
289 4443 499 4496 demonstraret.
508 4443 561 4496 Sed
572 4447 600 4496 et
612 4442 830 4510 experimentum
844 4442 908 4496 dicti
920 4447 995 4496 tactu
1007 4441 1091 4511 ipsius
1103 4458 1198 4511 capere
1211 4444 1302 4499 volen-

137 4657 169 4708 eic
181 4656 203 4719 l,
214 4655 237 4708 d.
251 4683 281 4691 -
295 4653 306 4688 ⁹
318 4652 427 4707 cuidam
440 4652 462 4717 1,
473 4652 497 4705 9.
507 4682 540 4690 —
551 4652 563 4686 ⁸
576 4656 613 4706 ito
625 4653 656 4715 ἲς
669 4652 833 4707 Bertholdus
847 4654 868 4706 1.
