3142 5392
305 350 397 402 aran.
414 349 495 402 arc.
515 349 687 402 samson.
707 371 753 381 -
772 351 852 403 con.
870 344 908 402 n⁰
924 346 1047 402 aser-at.
1219 330 1294 402 539

57 539 168 594 sionem
180 540 308 608 perennis
321 540 383 594 vitae
394 540 557 595 obedientiae
567 541 619 594 feci
631 546 658 594 et
670 541 770 610 scripto
782 541 906 604 firmavi;
918 542 975 605 scd,
987 539 1079 594 missis
1090 544 1153 609 post
1169 555 1214 593 rue
1227 555 1294 594 nun·

57 638 105 692 tiis
117 643 145 692 et
162 641 309 692 revocante
320 655 365 693 me
378 639 492 693 ecclesia
504 644 592 693 matre
604 656 667 692 mea
678 656 727 708 per
739 639 931 703 obedientiam,
944 638 996 693 etsi
1013 654 1069 692 non
1092 655 1126 692 ex
1144 638 1293 702 voluntate,

55 753 92 790 ex
104 736 216 790 licentia
227 742 321 791 tamen
338 737 461 803 ejusdem
479 737 588 791 abbatis
605 736 730 806 H[ervei]
749 742 776 791 et
793 754 826 791 ex
844 737 959 792 consilio
977 738 1062 792 totius
1078 735 1199 806 capituli,
1216 751 1294 804 repa-

56 834 151 889 hiasi.
170 835 284 887 Duabus
306 834 426 888 abbatiis
449 839 545 903 postea
567 835 664 904 praefui
688 854 694 888 :
718 851 834 903 quarum
858 851 931 888 nunc
954 838 1066 904 propter
1088 833 1293 887 intolerantiam

55 932 164 988 laboris
175 939 203 988 et
214 934 468 988 incorrectionem*
486 950 582 988 eorum
600 934 701 1002 quibus
718 934 847 1003 prodesse
866 934 1002 999 volebam,
1015 949 1065 987 nec
1082 938 1215 1001 poteram,
1227 931 1294 1000 regi·
1330 934 1506 1010 *contueor

54 1033 135 1088 mine
147 1034 281 1103 deposito,
292 1049 364 1087 nunc
377 1035 405 1088 in
417 1033 585 1088 monasterio
597 1033 759 1097 Plorinensi,
773 1034 800 1088 in
813 1050 881 1103 pace
892 1049 956 1087 cum
974 1032 1104 1087 iratribus
1116 1034 1173 1087 Deo
1185 1031 1293 1089 etmihi
1355 1006 1483 1056 'emme'

56 1149 170 1198 vacans,
182 1149 332 1187 conversor

90 1232 193 1286 Precor
204 1231 288 1309 etiam
294 1248 460 1301 magnopere
472 1231 603 1301 quatinus
614 1231 776 1301 opusculum
787 1233 860 1287 beati
874 1231 989 1296 Paulini,
1001 1228 1235 1298 Nolaniepiscopi,
1244 1243 1292 1282 sex

54 1328 160 1384 libellis
172 1331 206 1384 de
218 1331 377 1385 beatisshno
389 1336 506 1399 patrono
518 1336 613 1385 nostro
626 1331 750 1397 Martiuo,
762 1332 809 1401 qui
821 1332 845 1384 ei
859 1331 969 1386 oculum
982 1331 1077 1385 laesum
1090 1328 1216 1391 reddidit,
1234 1344 1292 1382 ver-

54 1426 135 1481 sifice
147 1428 260 1491 editum,
271 1428 335 1482 fidei
348 1429 442 1482 domni
452 1430 491 1493 D.,
500 1429 630 1483 monachi
638 1432 652 1458 ⁴
665 1429 748 1483 vestri
760 1433 787 1482 et
799 1428 922 1497 praeclari
931 1427 1039 1481 abbatis
1048 1426 1140 1481 Sancti
1153 1424 1293 1479 Michaelis
1334 1435 1348 1462 ⁰
1361 1432 1396 1497 (d.
1406 1433 1436 1486 D.
1449 1432 1497 1497 m.)

54 1522 1292 1594 creditum',nobisadtranscribendumpropteramorempiiblartinimitterenonabnua·
1329 1499 1497 1619 ffi‘fngffiii

55 1621 209 1676 tisCetera
230 1623 302 1677 enim
322 1639 501 1692 quecumque
519 1624 553 1677 de
570 1640 603 1676 eo
622 1623 667 1676 alii
687 1623 862 1692 scripserunt.
882 1623 954 1692 apud
975 1638 1034 1688 nos,
1054 1638 1100 1676 me
1120 1624 1292 1690 procurante,
1317 1605 1514 1686 *00a,0ditu111',

55 1719 205 1774 habentur.
218 1720 352 1775 Polliceor
363 1725 454 1774 autem
468 1721 548 1774 firma
565 1721 619 1774 fide
637 1720 710 1774 idem
730 1720 900 1789 opusculum,
913 1736 975 1774 cum
995 1719 1189 1788 transcriptum
1202 1718 1292 1783 fuerit,

55 1821 105 1870 aut
115 1833 166 1886 per
175 1819 303 1872 eumdem
317 1818 524 1873 dilectissimum
540 1819 609 1873 mihi
627 1820 764 1884 abbatem,
774 1835 822 1887 per
833 1836 916 1889 quem
935 1824 963 1873 et
975 1819 1034 1873 lraec
1046 1818 1126 1872 vobis
1138 1817 1232 1886 dirige,
1244 1821 1293 1872 aut

56 1915 202 1985 paralium
215 1918 366 1986 quemlibet
374 1934 408 1971 ex
416 1918 553 1988 prioribus
563 1919 659 1973 vestris
672 1918 740 1973 milri
753 1919 873 1973 vicinum
883 1924 1036 1987 opportune
1046 1934 1091 1972 me
1102 1917 1289 1981 remissurum,

54 2020 113 2077 aut,
130 2015 153 2069 si
166 2017 206 2071 ita
218 2016 291 2071 Deus
310 2017 480 2086 disposuerit,
498 2034 561 2071 cum
581 2019 642 2086 ipso
660 2034 743 2086 opero
755 2019 829 2086 quod
846 2018 880 2071 de
893 2034 933 2082 eo,
946 2016 1049 2071 scilicet
1067 2017 1150 2070 beato
1167 2016 1291 2080 Martino,

53 2115 171 2182 juvante
188 2116 246 2170 Deo
259 2116 377 2170 scribere
396 2116 490 2186 gestio,
508 2134 557 2186 per
572 2117 767 2185 memetipsum
785 2117 943 2170 relaturum.
964 2117 997 2170 Et
1015 2116 1120 2169 utinam
1142 2114 1292 2185 providerit

55 2215 131 2269 Deus
151 2219 190 2278 ut,
207 2215 230 2268 si
247 2216 316 2270 mihi
335 2217 476 2271 vobiscum
490 2216 582 2270 vivere
599 2233 655 2271 non
672 2216 756 2282 licuit,
768 2217 864 2270 saltem
876 2217 948 2285 apud
966 2232 1016 2270 ros
1031 2216 1101 2269 mori
1113 2214 1252 2284 contingat
1264 2218 1292 2269 et

56 2315 149 2368 datori
161 2315 306 2384 spirituum
319 2315 447 2370 intervos
460 2317 583 2385 spiritum
597 2317 718 2381 reddere,
730 2323 757 2370 et
769 2321 847 2370 terne
860 2317 934 2386 quod
947 2322 1017 2369 terra
1030 2320 1072 2369 est
1082 2315 1232 2369 restituere.

90 2413 193 2468 Notum
206 2419 336 2482 preterea
350 2415 421 2470 facio
433 2416 560 2484 optanda
578 2416 646 2470 mihi
659 2415 798 2470 dilectioni
816 2420 913 2469 vestrm
931 2415 1013 2484 quod,
1031 2419 1177 2484 postquam
1194 2432 1212 2467 a
1228 2414 1289 2469 loco

57 2520 151 2570 vestro
164 2520 315 2569 retractans
333 2521 360 2569 et
381 2532 443 2570 cum
461 2515 556 2569 multis
573 2515 692 2569 lacrimis
713 2516 850 2585 digressus
867 2531 937 2580 sum,
954 2516 1012 2569 Deo
1029 2515 1140 2580 sciente,
1152 2531 1197 2569 me
1214 2514 1291 2584 igno·

57 2613 1291 2684 rantequarereverticogerer,elegantisetfinnioperisoratoriumlllquodnoniieretsi

58 2712 263 2777 remansissem,
275 2713 303 2766 in
315 2713 419 2767 honore
432 2713 545 2782 piissimi
557 2696 674 2781 patroni,
687 2713 781 2767 domni
793 2712 910 2775 Martini,
922 2711 1009 2765 multa
1021 2712 1145 2781 impensa
1157 2716 1184 2766 et
1196 2711 1291 2767 labore

57 2811 261 2866 adtfloeverim.
271 2812 351 2879 Quod
363 2828 504 2866 successor
513 2828 592 2865 meus
604 2828 667 2865 cum
680 2811 782 2880 ingenti
793 2811 957 2881 populorum
970 2811 1136 2865 confluentia
1148 2815 1175 2865 et
1187 2810 1290 2865 exulta-

57 2911 134 2965 tione
141 2911 201 2979 jam
210 2911 331 2966 dedicari
343 2912 420 2976 tecit,
430 2912 458 2965 iu
470 2928 525 2980 quo
538 2916 566 2965 et
574 2910 709 2964 luminare
721 2916 748 2965 et
760 2910 885 2965 universa
900 2910 1078 2965 celebrationi
1094 2911 1290 2979 mysteriorum

56 3016 85 3064 et
102 3010 216 3065 seruitio
233 3010 283 3065 Dei
303 3012 428 3066 iaciendo
447 3010 609 3076 necessaria,
629 3012 677 3064 sed
695 3015 723 3065 et
739 3011 853 3065 missam
874 3010 1064 3080 quotidianam
1085 3026 1134 3079 pro
1155 3009 1290 3064 defunctis

56 3108 171 3162 institui.
181 3109 234 3163 Per
245 3110 339 3164 omnia
350 3110 510 3164 benedictus
518 3110 600 3175 Deus,
612 3109 660 3178 qui
671 3109 840 3163 abundantia
851 3109 961 3179 pietatis
973 3126 1029 3163 sua
1041 3113 1069 3163 et
1080 3108 1179 3163 merita
1190 3108 1290 3179 suppli·

56 3224 120 3263 curn
133 3209 242 3264 excedit
253 3214 281 3264 et
293 3216 364 3275 vota,
380 3216 407 3265 et
424 3210 585 3280 plerumque
602 3209 696 3277 adjicit
712 3210 785 3278 quod
803 3208 860 3264 vita
876 3225 933 3263 non
949 3194 1071 3264 meretur
1087 3213 1115 3262 et
1132 3208 1218 3263 oratio
1234 3224 1289 3262 non

57 3308 207 3375 praesumit
215 3308 392 3364 Sanctitatem
405 3314 549 3363 vesham..

157 3410 219 3483 40ο
245 3410 424 3504 [Epistola
441 3412 605 3486 Guiberti
623 3414 670 3485 ad
683 3411 905 3504 Philippum,
925 3410 1156 3484 Coloniensis
1174 3411 1286 3484 eccle·

205 3526 271 3600 siae
288 3527 505 3620 antistitem]
526 3529 603 3620 (iol.
627 3529 838 3619 130l·13ltl).

89 3648 170 3702 Edita
190 3652 232 3702 est
251 3649 310 3702 haec
330 3648 462 3718 epistolar
486 3649 622 3718 siquidem
647 3665 709 3718 pars
732 3649 806 3718 prior
825 3648 924 3717 legitur
943 3648 1015 3716 apud
1043 3647 1126 3709 Pitra‚
1149 3652 1215 3702 tom.
1233 3648 1287 3729 cit,

54 3763 79 3815 p.
91 3748 218 3811 414415;
230 3748 365 3816 posterior
374 3765 438 3802 vero
447 3748 475 3802 in
487 3750 570 3802 Anat.
580 3750 658 3816 Bolt,
668 3753 734 3802 torn.
747 3749 767 3812 l,
780 3765 806 3817 p.
817 3748 934 3801 ancos.

156 3851 219 3922 410
245 3847 359 3941 [Visio
385 3850 421 3923 S.
451 3848 684 3943 Hildegardis
714 3851 761 3923 ad
797 3847 1016 3923 Guibertum
1047 3848 1175 3941 missa]
1206 3849 1286 3941 (fol.

208 3967 417 4059 1331-141v).

86 4086 168 4140 Edita
180 4088 252 4155 apud
265 4087 346 4151 Pitra‚
356 4093 422 4141 tom.
432 4088 485 4151 cit,
497 4105 522 4157 p.
533 4087 652 4142 415434.

154 4189 218 4261 440
244 4188 409 4282 Epistola
443 4190 592 4262 domnae
626 4188 868 4281 Hildegardis,
905 4188 1093 4282 magistrae
1128 4188 1286 4261 coenobii

202 4302 327 4377 Sancti
336 4304 490 4378 Roberti
499 4304 732 4398 Pinguensis,
743 4307 787 4379 de
796 4305 1012 4379 excellentia
1025 4305 1123 4379 beati
1137 4303 1285 4379 Martini

202 4419 363 4513 episcopi
381 4422 458 4512 (fol.
480 4422 693 4512 llll-idbl).

84 4540 167 4596 sarta
180 4541 251 4606 niu,
263 4559 288 4610 p.
300 4543 419 4597 eoa-ars.

82 4700 123 4767 (1)
141 4698 301 4754 Dedicatum
314 4705 357 4754 cst
367 4701 420 4754 hoc
433 4701 583 4755 oratorium
596 4703 634 4755 lll
651 4702 716 4755 ldus
727 4700 827 4770 Aprilis
841 4701 905 4755 1405
916 4701 1023 4769 (Gallio
1037 4703 1145 4767 Christ,
1158 4705 1224 4756 tom.
1238 4702 1284 4769 111,

48 4780 311 4853 pertractanda,
327 4783 471 4851 epistolam
484 4783 607 4838 Guiberti
616 4784 652 4838 ad
663 4784 813 4853 Sigfridum
826 4788 854 4838 et
865 4783 1031 4854 Philippum,
1043 4782 1193 4854 episcopos.
