3142 5392
167 383 217 458 54
503 404 628 458 aaran.
655 405 759 459 cono.
784 405 1059 461 uamoaaaemo.

207 595 242 655 8.
266 596 442 664 Consequens
460 610 526 649 vero
542 593 654 663 quidam
674 593 855 662 philosophus
874 597 970 648 sancto
992 593 1105 648 Nazario
1131 595 1167 648 ab
1187 595 1264 650 initio

165 693 288 749 libellum
307 692 463 747 certaminis
475 693 567 761 hujus,
579 696 607 746 et
624 708 790 745 conservans
807 691 878 760 apud
896 708 925 745 se
943 690 1058 745 fideliter
1080 692 1224 746 retinebat.
1241 694 1266 747 E,

165 796 258 847 autern
270 793 299 845 in
310 791 415 846 somnis
426 808 444 845 a
454 791 564 856 sanctis,
581 791 656 844 dedit
672 790 749 844 illum
767 791 874 844 Ceraiio
892 790 940 860 qui
956 791 1076 859 pretiosa
1097 808 1214 860 corpora
1233 809 1266 846 sa*

165 891 316 960 sepelierat.
334 891 368 944 Et
386 889 516 944 dixerunt
527 889 635 944 Ceraiio
655 889 758 943 sancti:
775 891 913 944 Abscondc
935 891 1053 943 libellum
1070 893 1228 944 certaminis
1251 911 1266 944 n

165 998 246 1057 caput
256 997 379 1043 nostrum
395 1006 481 1057 usquc
492 991 522 1041 in
532 991 603 1043 diem
615 1006 667 1056 quo
683 991 818 1042 Dominus
829 991 943 1042 voluerit
954 991 1138 1043 demonstrare
1149 1007 1205 1043 noc.
1215 990 1248 1043 Et
1259 1006 1266 1042 a

165 1086 288 1150 libellum
301 1103 362 1140 cum
381 1086 556 1140 testinatione
571 1086 663 1155 posuit
674 1102 738 1139 eum
750 1085 785 1139 ad
803 1090 885 1155 caput
901 1090 1058 1140 sanctorum
1076 1090 1237 1156 martyrum.
1250 1088 1266 1142 C

165 1191 230 1240 sunt
241 1190 334 1239 autem
352 1186 439 1239 sancti
453 1190 588 1254 martyres
606 1185 634 1238 in
650 1184 761 1239 civitate
773 1184 970 1239 Mediolanensi
987 1186 1054 1239 loris
1069 1191 1177 1253 portam
1191 1187 1266 1240 llom

165 1284 227 1340 loco
243 1285 290 1354 qui
310 1285 409 1338 dicitur
428 1286 496 1339 Tres
513 1302 613 1338 muros.
636 1284 698 1352 Ipso
715 1288 808 1337 autem
827 1284 855 1337 in
874 1288 997 1354 tempore
1013 1285 1162 1338 vindictam
1180 1286 1266 1339 iecit]

166 1386 324 1436 sanctorum
336 1398 459 1446 suorum,
471 1386 498 1435 et
508 1381 662 1434 exsiccatus
674 1384 716 1433 est
726 1397 774 1449 pes
786 1381 881 1434 dexter
888 1381 1004 1435 Neronis
1014 1386 1042 1436 et
1052 1387 1180 1436 mortuus
1192 1383 1266 1435 esti

165 1485 259 1534 autem
271 1485 299 1533 et
310 1479 444 1534 Anolinus
459 1479 621 1549 strangulati
633 1495 650 1532 a
662 1478 772 1532 diabolo
784 1479 887 1533 mortui
902 1485 974 1533 sunt.
986 1479 1103 1547 Quando
1116 1497 1182 1534 vero
1194 1481 1265 1534 bene

166 1583 208 1633 est
224 1579 290 1643 Deo,
304 1579 352 1648 qui
370 1583 411 1632 est
430 1578 566 1647 gloriosus
583 1577 611 1631 in
631 1579 733 1631 sanctis
750 1578 814 1643 saie,
832 1577 965 1632 revelavit
981 1596 1029 1632 eos
1047 1580 1075 1633 in
1095 1579 1247 1633 novissimo

165 1677 321 1743 Ambrosio,
326 1676 520 1731 Mediolanensi
529 1676 656 1746 episcopo
667 1681 694 1730 et
701 1677 858 1741 confessori,
866 1678 1017 1747 imperante
1027 1678 1078 1748 piae
1087 1679 1229 1732 memoriae
1239 1679 1266 1731 ri

162 1776 338 1846 imperatore.
350 1776 403 1844 Qui
415 1793 477 1830 curn
488 1754 567 1830 omni
578 1775 680 1845 populo
699 1777 832 1831 accedens
850 1778 885 1831 ad
900 1777 992 1831 locum
1005 1794 1087 1847 quern
1100 1778 1194 1832 divina
1206 1783 1265 1847 grat

165 1876 244 1930 derat
255 1875 280 1929 ei
289 1880 316 1929 et
324 1875 473 1944 requirens,
483 1874 587 1928 invenit
596 1879 706 1928 sanctos
714 1880 848 1944 martyres
859 1876 935 1930 velut
944 1877 1088 1931 thesauros
1097 1877 1266 1930 absconditor

165 1974 395 2029 intercedentibus
402 1991 465 2028 cum
477 1973 652 2028 multitudine
661 1974 836 2028 inenarrabili
848 1980 875 2029 et
884 1975 996 2033 canticis
1013 1976 1141 2045 angelicis
1153 1977 1181 2030 in
1197 1976 1266 2030 civit

165 2073 230 2128 iecit
240 2073 374 2127 Dominus
385 2073 464 2127 lesus
485 2073 609 2128 Christus
622 2073 650 2126 in
671 2072 758 2142 gloria
769 2079 927 2128 sanctorum
944 2080 1097 2144 martyrum
1114 2092 1228 2128 suorum
1247 2092 1266 2128 a

165 2170 309 2240 praesentia
325 2170 500 2224 efficerentur
513 2186 574 2238 quae
586 2170 659 2222 iacta
671 2174 743 2223 sunt
754 2171 822 2223 Croci
835 2171 909 2225 enim
926 2176 988 2240 post
1004 2171 1108 2225 multos
1128 2188 1216 2225 annos
1237 2189 1265 2225 re

164 2268 267 2334 lumen,
288 2269 377 2323 claudi
397 2267 619 2331 ambulaverunt,
636 2268 773 2320 damonia
788 2268 954 2338 quicumque
972 2270 1143 2323 anativitate
1161 2287 1212 2324 sua
1231 2271 1266 2323 ha

164 2366 290 2420 mundati
298 2371 362 2420 sunt
373 2365 516 2420 confestim
535 2365 563 2418 in
575 2365 675 2418 virtute
687 2368 715 2418 et
726 2342 813 2434 qratia
821 2366 932 2420 Domini
944 2367 1031 2421 nostri
1041 2367 1106 2421 lesu
1119 2367 1237 2422 Christi:
1250 2368 1266 2437 iq

164 2463 193 2519 in
201 2466 293 2520 secula
304 2465 467 2520 seculorum.
480 2465 576 2518 Amen.

363 2780 400 2823 aa
422 2781 447 2825 s
469 2781 541 2826 viro
563 2781 717 2827 naariae.
741 2761 818 2847 (Cir.
840 2780 948 2842 supra,
970 2782 1043 2844 pag.
1065 2762 1115 2840 ii,
1138 2762 1195 2845 7⁰.)

419 2962 550 3035 Incipit
570 2965 693 3037 passio
715 2966 834 3026 sancti
854 2966 929 3026 Viti
950 2966 1136 3043 mmcyris.

210 3152 242 3207 1.
265 3151 389 3205 Inclitarn
399 3157 427 3206 et
438 3169 454 3206 a
466 3153 564 3206 seculis
583 3152 798 3222 praeelectissimi
818 3155 908 3208 meriti
926 3171 1056 3208 coronam
1074 3159 1131 3208 tam
1147 3155 1209 3209 liliis
1232 3155 1266 3209 ini

166 3247 350 3303 albescentem
362 3266 445 3319 quam
457 3266 521 3304 rosa
538 3249 661 3319 martyrii
672 3251 830 3305 rutilantem
844 3255 886 3306 ter
902 3256 1052 3320 quaterque
1070 3251 1143 3305 beati
1155 3252 1233 3321 pueri
1244 3254 1266 3306 V

166 3348 271 3414 tratres,
280 3348 394 3419 carptim
404 3348 466 3403 stilo
476 3348 668 3418 qualicumque
681 3354 851 3414 connectere,
863 3350 1075 3419 quatinus,inier
1084 3350 1264 3418 jocundissim

165 3446 229 3501 dem
238 3447 423 3512 animaveris
431 3447 497 3501 Sion
506 3447 696 3517 pulcherrimae
704 3447 767 3501 filiae
774 3448 999 3516 speculationem,
1008 3449 1090 3503 etiam
1100 3450 1200 3518 quibus
1211 3451 1255 3503 vel

164 3545 353 3601 instrumentis
375 3551 469 3601 tantus
496 3547 640 3601 cuderetur
666 3552 779 3601 ornatus
805 3548 899 3617 paucis
921 3549 1094 3602 advertentes
1112 3549 1184 3602 etin
1203 3554 1264 3617 part

165 3645 310 3715 capientes,
328 3645 539 3700 sanctimoniam
559 3647 626 3714 ejus,
645 3662 729 3715 quam
749 3651 893 3715 tantopere
913 3646 1042 3700 nimirum
1067 3647 1177 3713 ardetis,
1196 3664 1252 3716 quo

164 3745 370 3815 apprehendere
390 3761 424 3799 eo
440 3744 563 3798 tenacius
575 3745 602 3798 in
620 3745 767 3799 armariolo
785 3746 875 3799 cordis
895 3745 1033 3800 includere
1053 3763 1084 3800 ac
1103 3747 1264 3815 praesentius

0 3844 140 3902 marannis
165 3842 348 3897 circumferre.
360 3843 477 3913 Exigunt
488 3843 542 3897 hoc
554 3843 676 3898 debitum
698 3848 775 3898 tanta
792 3861 854 3914 quae
869 3844 971 3898 reditus
991 3861 1098 3899 annuus
1110 3846 1123 3875 *
1136 3845 1233 3899 indixit
1245 3863 1266 3898 si

165 3941 222 3996 sitit
230 3942 304 3995 hunc
316 3942 446 3996 haustum
458 3941 589 3996 divinitus
601 3947 720 3996 aestuans
732 3942 867 3997 immensa
884 3943 982 3996 caritas
992 3948 1090 3996 restra.

207 4038 241 4097 2.
264 4040 348 4094 Ortus
359 4043 401 4092 est
412 4038 485 4092 idern
495 4038 571 4093 omni
581 4039 721 4092 mundano
731 4038 898 4107 splendidior
907 4040 1003 4106 jubare
1012 4039 1090 4092 Vltus
1099 4039 1226 4093 Lucanus
1234 4040 1263 4093 in

165 4136 305 4209 provincia
321 4134 460 4190 nobilibus
482 4135 531 4189 sed
548 4135 661 4205 paganis
678 4135 844 4204 parentibus,
855 4134 954 4204 vixque
971 4135 1143 4204 septennium
1166 4136 1266 4206 impleo

164 4240 254 4292 semet
272 4236 390 4290 electum
409 4233 463 4287 ilde
479 4235 653 4288 monstrabat
677 4239 704 4287 et
719 4234 854 4303 operibus.
872 4233 960 4301 Quem
978 4238 1063 4304 pater,
1075 4235 1152 4288 Hilas
1171 4237 1266 4289 nomin

165 4335 272 4406 prasidi
284 4333 432 4404 provinciae
443 4332 589 4387 Valeriano
607 4332 795 4402 praesentavit5
807 4332 853 4402 qui
866 4333 949 4387 etiam
960 4333 1039 4387 illum
1052 4334 1086 4386 ad
1098 4334 1266 4388 immolando

165 4433 246 4488 locris
258 4433 424 4502 compellens
440 4448 492 4487 nec
503 4431 662 4501 prevalens,
674 4448 788 4485 manum
805 4433 908 4486 interea
924 4433 1049 4501 perdidit,
1060 4433 1109 4487 sed
1127 4434 1251 4488 oratione

165 4546 232 4585 mox
248 4546 345 4585 sanam
357 4529 466 4600 recepit
479 4529 596 4584 Brachia
613 4528 794 4583 nihilominus
805 4529 954 4583 tortoribus
971 4534 1110 4595 aruerunt,
1122 4546 1183 4599 quae
1198 4531 1266 4585 statii

165 4629 265 4684 merita
273 4632 502 4683 restauraverunt.
508 4628 610 4683 Videns
621 4633 715 4683 autem
725 4632 803 4697 pater
811 4628 876 4697 quia
887 4632 1025 4683 tormenta
1036 4628 1127 4693 irrisit,
1136 4630 1250 4684 domum
1263 4647 1266 4683 r

166 4726 292 4783 cubiculo
301 4727 378 4782 illum
388 4726 492 4782 deliciis
500 4726 631 4783 adluente
649 4726 768 4782 reclusit
777 4727 817 4781 lbi
829 4743 893 4782 cum
905 4744 1005 4782 arcana
1016 4729 1142 4798 quaedam
1152 4729 1225 4783 idem
1244 4729 1266 4783 Η
