3248 5392
387 348 479 400 eren.
505 345 585 397 are.
612 344 782 396 snuxaun.
811 366 857 376 -
883 344 962 396 con.
989 333 1025 395 u⁰
1050 341 1173 396 risu-ro.
1323 324 1395 397 395

161 548 207 601 per
223 535 356 604 palmam
372 535 494 604 martyrii
511 537 594 589 ambo
616 537 804 603 pervenerunt.
825 534 932 597 Postea,
954 537 1063 587 mortuo
1083 533 1195 601 praeinto
1215 533 1396 599 Theoderico,

161 631 357 704 botharingiae
374 637 449 699 duce,
462 635 554 704 nupsit
571 635 652 688 beata
664 633 826 701 Amelberga
846 632 904 686 viro
916 630 993 684 alteri
1006 631 1164 698 (secundum
1177 631 1320 685 consilium
1332 647 1396 701 apo-

161 730 247 798 stoli),
258 733 415 787 venerabili
425 733 482 788 viro
491 733 620 801 Witgero‚
628 731 838 784 Brabantiorum
847 729 1007 796 comiti.Qui
1016 729 1395 797 tamenpostmodum‚scculo

161 828 405 895 ibrenuntiantes
417 832 499 885 ambo
510 830 649 899 religionis
666 829 791 882 habitum
812 832 982 896 acceperunt
994 827 1029 880 lli
1046 843 1155 896 quoque
1173 833 1324 895 genuerunt
1340 833 1395 882 tres

161 927 266 996 ‚creles¹
279 946 361 999 aeque
377 928 570 991 sanctissimas,
587 927 728 982 videlicet:
747 927 930 990 Emebertum‚
948 929 1048 978 sanctae
1064 925 1183 978 ecclcsiae
1194 925 1396 978 Cameracensis

161 1032 310 1094 pastorem
328 1027 524 1089 beatissimum,
546 1028 623 1095 cujus
642 1030 717 1094 gesta
729 1026 810 1094 plena
829 1024 968 1078 miraculis
984 1028 1066 1092 atque
1087 1023 1231 1077 virtutibus
1251 1024 1279 1078 in
1299 1025 1394 1077 eadem

161 1124 284 1179 ecclesia
293 1125 392 1179 florent
401 1142 487 1194 nsque
497 1126 525 1178 in
534 1126 697 1178 hodiernum
707 1124 779 1177 diem
789 1143 794 1186 ;
804 1129 831 1176 et
840 1124 908 1177 duas
916 1138 1025 1175 sorores
1033 1122 1099 1190 ejus,
1109 1123 1166 1176 Deo
1175 1122 1286 1183 dicatas,
1294 1122 1396 1176 scilicet

161 1223 340 1293 teyneldem
356 1230 503 1293 martyrem
521 1229 549 1277 et
566 1223 701 1277 Gudulam
720 1223 862 1291 virginem.
880 1222 948 1276 Cum
967 1238 1031 1275 rero
1049 1221 1254 1275 materfamilias
1279 1222 1395 1290 junioris

161 1338 214 1376 utae
227 1323 322 1392 prolis
340 1323 452 1377 Gudulae
463 1323 570 1376 sarcina
588 1327 755 1390 gravaretur,
768 1320 880 1389 angelus
892 1320 963 1373 hanc
980 1325 1072 1373 natam
1089 1320 1205 1373 Domino
1222 1319 1320 1373 cecinit
1337 1320 1395 1374 iore

161 1425 282 1487 gratam.
297 1421 356 1474 Tali
366 1422 457 1490 itaque
470 1421 622 1475 exhilarata
632 1419 751 1481 oraculo,
764 1420 878 1472 tendens
897 1434 994 1472 manus
1006 1419 1040 1471 ad
1053 1419 1140 1472 Deum
1157 1419 1257 1487 gratias
1270 1419 1394 1482 reddidit

161 1518 260 1589 deque
274 1519 400 1573 dolorem
412 1536 493 1573 suum
503 1520 657 1573 confortata
671 1516 846 1586 compescuit.

190 1618 353 1671 Admonita
364 1618 474 1687 insuper
485 1619 520 1672 ab
532 1618 628 1687 angelo
641 1618 721 1671 beata
735 1616 896 1684 Amelberga
908 1617 987 1669 bonis
1003 1616 1129 1685 operibus
1146 1615 1279 1680 insistere,
1286 1632 1393 1669 sacrum

161 1715 298 1769 relamen
318 1716 398 1785 elegit
417 1734 434 1769 a
453 1722 548 1770 sancto
568 1716 709 1780 liutberto,
733 1716 922 1770 Cameracensi
945 1715 1080 1784 episcopo,
1099 1715 1243 1783 suscipere.
1262 1714 1394 1768 Universa

162 1817 260 1882 taque
273 1815 364 1868 carnis
376 1815 515 1883 voluptate
527 1815 638 1877 calcata,
651 1814 762 1868 sitiebat
774 1814 891 1867 Domino
906 1813 934 1867 in
952 1813 1052 1867 coelesti
1069 1813 1170 1867 servire
1186 1813 1296 1882 palatio,
1307 1812 1354 1866 ubi
1365 1812 1394 1866 in

161 1912 286 1967 alutem
305 1914 422 1967 exaltata
440 1914 539 1967 meruit
556 1914 693 1967 canticum
712 1912 811 1966 laetitiae
823 1918 932 1965 cantare
948 1928 1010 1965 cum
1028 1913 1186 1966 mansuetis.
1197 1911 1303 1965 Relicto
1314 1911 1394 1980 igitur

161 2011 264 2065 rabitu
282 2017 311 2064 et
330 2013 538 2066 conversatione
558 2012 681 2075 seculari,
700 2011 752 2065 soli
772 2011 829 2064 Deo
851 2026 946 2065 vacare
965 2011 1144 2064 desiderabat.
1165 2010 1287 2078 Cumque
1306 2011 1394 2078 magis

161 2127 278 2165 earnem
301 2113 438 2165 domando
456 2112 581 2180 spiritum
603 2112 751 2175 roboraret,
773 2112 933 2179 disponente
953 2111 1009 2163 Deo
1030 2115 1105 2164 tanto
1125 2111 1184 2178 eius
1204 2110 1290 2164 labori
1309 2111 1392 2164 linem

161 2226 318 2280 mponere,
333 2211 394 2263 acri
417 2211 535 2264 febrium
558 2210 703 2279 corripitur
723 2209 825 2271 dolore,
845 2207 938 2276 sicque
958 2209 1058 2263 Christi
1075 2208 1178 2263 famula
1194 2213 1304 2277 propter
1321 2209 1392 2262 bona

161 2314 269 2363 eterna
283 2310 448 2378 acquirenda
463 2326 511 2378 per
528 2310 600 2362 bona
612 2309 719 2362 transiit
731 2308 900 2377 temporalia.
911 2308 1016 2376 Sponsa
1028 2307 1108 2376 igitur
1119 2307 1218 2362 Christi
1231 2308 1392 2378 amelberga

161 2424 253 2478 nsque
275 2409 311 2461 ad
331 2409 527 2477 expirationem
548 2409 646 2461 animae
667 2408 828 2461 susurrabat
848 2408 1002 2460 continue:
1027 2409 1147 2472 Domine,
1167 2409 1252 2460 dilexi
1273 2410 1391 2461 decorem

161 2508 263 2562 domus
283 2515 334 2560 tus
350 2515 373 2559 et
389 2509 474 2560 locum
492 2509 667 2560 habitationis
684 2507 807 2573 [gloria]
824 2515 881 2560 tua.
899 2505 997 2573 Sicque
1015 2506 1125 2559 demum
1142 2505 1213 2558 felici
1231 2522 1313 2559 sensu
1329 2522 1390 2559 con·

161 2611 314 2667 summata,
327 2610 420 2658 sancta
431 2605 524 2658 anima
536 2622 616 2658 carne
628 2605 743 2659 solvitur
755 2609 782 2658 et
798 2622 813 2658 a
827 2606 900 2672 justo
911 2604 1001 2672 judice
1013 2605 1083 2657 inter
1097 2604 1281 2658 sanctissimas
1295 2604 1391 2658 viduas

161 2719 269 2757 corona
280 2702 390 2770 justitiae
402 2709 555 2756 coronatur.
568 2703 656 2756 Tanta
668 2704 785 2772 denique
797 2703 872 2756 illam
884 2703 1016 2756 Dominus
1031 2703 1145 2771 replevit
1160 2702 1299 2772 dignitate,
1315 2707 1346 2756 ut
1362 2703 1390 2756 in

161 2802 336 2858 exultatione
356 2804 488 2856 meruerit
504 2803 573 2855 atria
591 2805 650 2881 eJus
671 2803 790 2856 introire.
807 2804 912 2856 Derota
929 2803 1009 2871 igilur
1026 2803 1082 2856 Deo
1103 2802 1213 2867 famula,
1231 2819 1311 2856 cursu
1328 2803 1390 2856 vire

161 2901 282 2955 feliciter
293 2907 410 2969 peracto,
422 2908 579 2956 sanctorum
592 2907 633 2955 est
646 2903 672 2955 ln
687 2902 760 2955 coelis
772 2901 875 2955 soc-iata
887 2903 1024 2956 consortio
1037 2922 1043 2955 :
1061 2904 1138 2970 cujus
1155 2903 1311 2956 intercessio
1329 2918 1390 2971 pec·

161 3005 291 3053 catorum
304 3005 459 3053 nostrorum
472 3001 508 3054 sit
519 3001 654 3055 remissio.

194 3095 283 3164 Cujus
301 3097 524 3165 praestantissima
541 3098 604 3162 filia,
622 3103 716 3152 sancta
736 3098 860 3152 videlicet
875 3099 1034 3163 Pharaildis,
1051 3097 1229 3168 primogenita
1244 3099 1344 3167 prodiit
1362 3100 1389 3152 in

161 3197 263 3251 lucem.
281 3194 370 3261 Quam
388 3201 514 3264 parentes
532 3213 609 3250 more
627 3197 809 3252 ecclesiastico
829 3197 956 3267 baptizari
975 3198 1104 3251 lecerunt.
1121 3198 1198 3251 Hane
1216 3198 1297 3252 beata
1314 3199 1388 3268 virgo

161 3293 335 3355 Chertruclis‚
352 3294 421 3347 sicut
433 3302 460 3348 et
471 3312 593 3348 sororem
612 3297 671 3363 ejus
692 3296 827 3359 Gudilam
840 3298 873 3349 de
885 3313 962 3350 sacro
974 3297 1049 3350 tonte
1061 3297 1161 3351 levavit
1173 3302 1200 3349 et
1211 3313 1297 3350 eam...
1309 3299 1389 3363 (Vide

161 3394 220 3450 iam
231 3390 389 3456 Hautcoenr‚
402 3410 442 3459 ap.
455 3396 506 3459 cit,
516 3410 543 3460 p,
557 3398 595 3458 18,
608 3396 656 3446 lin.
669 3394 750 3458 uiti...
763 3393 921 3448 didicerunt

196 3491 332 3556 lndcjam
344 3509 377 3543 ex
394 3492 454 3544 Vita
466 3494 585 3558 longiore
602 3494 805 3545 coactralruntur
822 3510 895 3545 eritne.
907 3494 980 3556 t·16;
998 3496 1095 3561 quibus
1112 3498 1264 3548 annectitur
1278 3497 1336 3560 fers
1352 3497 1389 3548 ad

161 3590 274 3644 uerbum
285 3607 318 3642 ex
335 3591 394 3643 Vita
407 3592 524 3644 breviori
532 3593 728 3659 paragraphus
741 3593 872 3660 inscripta
884 3592 917 3645 dc
931 3592 1065 3647 Miracuhs
1077 3594 1135 3659 ejus
1147 3594 1198 3662 (op.
1210 3596 1261 3657 cit„
1271 3613 1298 3661 p.
1309 3594 1360 3658 22).

612 3811 951 3820 ———————

386 4075 508 4163 LXII.
537 4076 662 4163 Codex
689 4076 877 4187 signatus
903 4099 947 4164 n⁰
974 4077 1169 4167 4459-70.

195 4297 286 4365 Hujus
302 4295 411 4359 codicis,
428 4297 475 4364 qui
500 4297 595 4350 lormae
616 4303 656 4351 est
673 4297 793 4351 minimae
812 4300 952 4363 (0⁰¹,155X
965 4301 1041 4363 0,13),
1058 4300 1138 4353 lineis
1155 4300 1243 4368 plenis
1258 4301 1387 4369 plumbea

161 4395 531 4466 graphideductis.contenla
540 4396 642 4449 indicat
651 4400 679 4449 et
688 4401 788 4449 certam
799 4401 907 4450 estatem
918 4397 1013 4450 delinit
1020 4414 1134 4466 parvum
1145 4398 1240 4452 lolium
1251 4400 1387 4453 membra-

161 4512 256 4557 neum,
276 4494 335 4549 folii
354 4494 464 4549 insiticii
485 4495 571 4548 instar
589 4496 667 4548 initio
688 4495 789 4549 codicis
806 4500 936 4549 assutum.
949 4497 1057 4550 Etenim
1078 4497 1104 4550 in
1125 4498 1207 4566 hujus
1227 4499 1285 4552 folii
1304 4499 1388 4553 latere

161 4599 239 4649 recto
258 4593 354 4647 litteris
374 4594 516 4648 rubricatis
536 4594 691 4648 inscribitur
710 4595 847 4657 elenchus,
862 4596 890 4649 in
911 4612 966 4664 quo
986 4596 1094 4664 (praeter
1113 4597 1277 4652 documenta
1293 4599 1388 4668 hagio·

161 4689 251 4762 logica
270 4691 304 4744 de
324 4690 423 4758 quibus
440 4691 510 4744 inira
530 4693 634 4745 mentio
655 4696 785 4756 recurret)
802 4693 862 4746 haec
880 4697 1011 4746 notantur
1022 4714 1028 4747 :
1076 4696 1141 4748 Item
1154 4698 1273 4763 quadam
1284 4698 1387 4751 benedi·
