<?xml version="1.0" encoding="UTF-8"?>
<!DOCTYPE html PUBLIC "-//W3C//DTD XHTML 1.0 Transitional//EN"
    "http://www.w3.org/TR/xhtml1/DTD/xhtml1-transitional.dtd">
<html xmlns="http://www.w3.org/1999/xhtml" xml:lang="en" lang="en">
 <head>
  <title>
</title>
<meta http-equiv="Content-Type" content="text/html;charset=utf-8" />
  <meta name='ocr-system' content='tesseract 3.04.00' />
  <meta name='ocr-capabilities' content='ocr_page ocr_carea ocr_par ocr_line ocrx_word'/>
</head>
<body>
  <div class='ocr_page' id='page_1' title='image "./cataloguscodicu01belggoog_0474.png"; bbox 0 0 3142 5392; ppageno 0'>
   <div class='ocr_carea' id='block_1_1' title="bbox 177 353 1270 425">
    <p class='ocr_par' dir='ltr' id='par_1_1' title="bbox 177 353 1270 425">
     <span class='ocr_line' id='line_1_1' title="bbox 177 353 1270 425; baseline 0.01 -12"><span class='ocrx_word' id='word_1_1' title='bbox 177 364 271 416; x_wconf 80' lang='lat' dir='ltr'>arsi.</span> <span class='ocrx_word' id='word_1_2' title='bbox 290 364 370 415; x_wconf 82' lang='lat' dir='ltr'>nuo.</span> <span class='ocrx_word' id='word_1_3' title='bbox 390 365 561 415; x_wconf 81' lang='lat' dir='ltr'>uuuxsm.</span> <span class='ocrx_word' id='word_1_4' title='bbox 580 387 626 395; x_wconf 96' lang='lat'><strong>—</strong></span> <span class='ocrx_word' id='word_1_5' title='bbox 645 367 791 418; x_wconf 76' lang='lat' dir='ltr'>apparu.</span> <span class='ocrx_word' id='word_1_6' title='bbox 811 369 856 418; x_wconf 79' lang='lat' dir='ltr'>iu</span> <span class='ocrx_word' id='word_1_7' title='bbox 874 369 952 420; x_wconf 89' lang='lat' dir='ltr'>con.</span> <span class='ocrx_word' id='word_1_8' title='bbox 971 360 1009 420; x_wconf 64' lang='grc' dir='ltr'>ΝΟ</span> <span class='ocrx_word' id='word_1_9' title='bbox 1026 367 1148 424; x_wconf 71' lang='lat' dir='ltr'>troo-ro.</span> <span class='ocrx_word' id='word_1_10' title='bbox 1203 353 1270 425; x_wconf 72' lang='lat'>451</span> 
     </span>
    </p>
   </div>
   <div class='ocr_carea' id='block_1_2' title="bbox 250 552 971 822">
    <p class='ocr_par' dir='ltr' id='par_1_2' title="bbox 250 552 971 822">
     <span class='ocr_line' id='line_1_2' title="bbox 250 552 971 624; baseline 0.008 -19"><span class='ocrx_word' id='word_1_11' title='bbox 250 552 318 606; x_wconf 89' lang='lat' dir='ltr'>Cum</span> <span class='ocrx_word' id='word_1_12' title='bbox 332 558 373 606; x_wconf 91' lang='lat' dir='ltr'>ter</span> <span class='ocrx_word' id='word_1_13' title='bbox 384 554 504 607; x_wconf 74' lang='lat' dir='ltr'>venisset</span> <span class='ocrx_word' id='word_1_14' title='bbox 515 555 627 623; x_wconf 90' lang='lat' dir='ltr'>quidam</span> <span class='ocrx_word' id='word_1_15' title='bbox 639 556 717 623; x_wconf 82' lang='lat' dir='ltr'>quasi</span> <span class='ocrx_word' id='word_1_16' title='bbox 729 557 876 624; x_wconf 76' lang='lat' dir='ltr'>naufragus</span> <span class='ocrx_word' id='word_1_17' title='bbox 887 558 923 611; x_wconf 91' lang='lat' dir='ltr'>ad</span> <span class='ocrx_word' id='word_1_18' title='bbox 934 574 971 610; x_wconf 92' lang='lat' dir='ltr'>se.</span> 
     </span>
     <span class='ocr_line' id='line_1_3' title="bbox 250 652 894 720; baseline 0.008 -16"><span class='ocrx_word' id='word_1_19' title='bbox 250 652 423 720; x_wconf 85' lang='lat' dir='ltr'>Unaquaque</span> <span class='ocrx_word' id='word_1_20' title='bbox 435 654 494 707; x_wconf 82' lang='lat' dir='ltr'>rice</span> <span class='ocrx_word' id='word_1_21' title='bbox 506 655 673 707; x_wconf 73' lang='lat' dir='ltr'>numismata</span> <span class='ocrx_word' id='word_1_22' title='bbox 685 670 733 707; x_wconf 84' lang='lat' dir='ltr'>sex</span> <span class='ocrx_word' id='word_1_23' title='bbox 745 656 894 719; x_wconf 88' lang='lat' dir='ltr'>tribuebat;</span> 
     </span>
     <span class='ocr_line' id='line_1_4' title="bbox 250 749 919 822; baseline 0.009 -20"><span class='ocrx_word' id='word_1_24' title='bbox 250 749 317 816; x_wconf 84' lang='lat' dir='ltr'>Quis</span> <span class='ocrx_word' id='word_1_25' title='bbox 329 755 422 804; x_wconf 86' lang='lat' dir='ltr'>tamen</span> <span class='ocrx_word' id='word_1_26' title='bbox 435 752 571 820; x_wconf 87' lang='lat' dir='ltr'>accipiens</span> <span class='ocrx_word' id='word_1_27' title='bbox 583 759 662 816; x_wconf 88' lang='lat' dir='ltr'>esset,</span> <span class='ocrx_word' id='word_1_28' title='bbox 672 770 728 807; x_wconf 91' lang='lat' dir='ltr'>non</span> <span class='ocrx_word' id='word_1_29' title='bbox 739 754 796 822; x_wconf 89' lang='lat' dir='ltr'>ipse</span> <span class='ocrx_word' id='word_1_30' title='bbox 808 755 919 808; x_wconf 88' lang='lat' dir='ltr'>sciebat.</span> 
     </span>
    </p>
   </div>
   <div class='ocr_carea' id='block_1_3' title="bbox 295 953 1030 1025">
    <p class='ocr_par' dir='ltr' id='par_1_3' title="bbox 295 953 1030 1025">
     <span class='ocr_line' id='line_1_5' title="bbox 295 953 1030 1025; baseline 0.007 -14"><span class='ocrx_word' id='word_1_31' title='bbox 295 956 348 1012; x_wconf 85' lang='lat' dir='ltr'>De</span> <span class='ocrx_word' id='word_1_32' title='bbox 369 953 505 1025; x_wconf 78' lang='lat' dir='ltr'>optima</span> <span class='ocrx_word' id='word_1_33' title='bbox 525 954 648 1013; x_wconf 82' lang='lat' dir='ltr'>tunica</span> <span class='ocrx_word' id='word_1_34' title='bbox 670 968 739 1014; x_wconf 83' lang='lat' dir='ltr'>sua</span> <span class='ocrx_word' id='word_1_35' title='bbox 759 969 855 1014; x_wconf 83' lang='lat' dir='ltr'>nova</span> <span class='ocrx_word' id='word_1_36' title='bbox 872 957 910 1015; x_wconf 87' lang='lat' dir='ltr'>et</span> <span class='ocrx_word' id='word_1_37' title='bbox 930 959 1030 1018; x_wconf 81' lang='lat' dir='ltr'>dato.</span> 
     </span>
    </p>
   </div>
   <div class='ocr_carea' id='block_1_4' title="bbox 243 1161 1047 3498">
    <p class='ocr_par' dir='ltr' id='par_1_4' title="bbox 243 1161 1047 3498">
     <span class='ocr_line' id='line_1_6' title="bbox 314 1161 1047 1233; baseline 0.007 -20"><span class='ocrx_word' id='word_1_38' title='bbox 314 1161 498 1229; x_wconf 85' lang='lat' dir='ltr'><strong>Temporibus</strong></span> <span class='ocrx_word' id='word_1_39' title='bbox 507 1163 601 1216; x_wconf 89' lang='lat' dir='ltr'>domni</span> <span class='ocrx_word' id='word_1_40' title='bbox 613 1163 751 1217; x_wconf 88' lang='lat' dir='ltr'>Frumaldi</span> <span class='ocrx_word' id='word_1_41' title='bbox 761 1163 797 1230; x_wconf 85' lang='lat' dir='ltr'>(l)</span> <span class='ocrx_word' id='word_1_42' title='bbox 807 1180 871 1217; x_wconf 87' lang='lat' dir='ltr'>eum</span> <span class='ocrx_word' id='word_1_43' title='bbox 882 1166 956 1233; x_wconf 91' lang='lat' dir='ltr'>prior</span> <span class='ocrx_word' id='word_1_44' title='bbox 968 1171 1047 1225; x_wconf 87' lang='lat' dir='ltr'>esset,</span> 
     </span>
     <span class='ocr_line' id='line_1_7' title="bbox 248 1260 853 1330; baseline 0.007 -18"><span class='ocrx_word' id='word_1_45' title='bbox 248 1260 316 1313; x_wconf 89' lang='lat' dir='ltr'>Cum</span> <span class='ocrx_word' id='word_1_46' title='bbox 330 1277 385 1328; x_wconf 90' lang='lat' dir='ltr'>quo</span> <span class='ocrx_word' id='word_1_47' title='bbox 394 1261 525 1328; x_wconf 81' lang='lat' dir='ltr'>gaudebit</span> <span class='ocrx_word' id='word_1_48' title='bbox 534 1263 562 1315; x_wconf 91' lang='lat' dir='ltr'>in</span> <span class='ocrx_word' id='word_1_49' title='bbox 575 1262 649 1315; x_wconf 77' lang='lat' dir='ltr'>omlis</span> <span class='ocrx_word' id='word_1_50' title='bbox 658 1269 685 1315; x_wconf 86' lang='lat' dir='ltr'>et</span> <span class='ocrx_word' id='word_1_51' title='bbox 694 1264 853 1330; x_wconf 79' lang='lat' dir='ltr'>requiescet,</span> 
     </span>
     <span class='ocr_line' id='line_1_8' title="bbox 247 1358 978 1427; baseline 0.01 -17"><span class='ocrx_word' id='word_1_52' title='bbox 247 1358 329 1412; x_wconf 87' lang='lat' dir='ltr'>Venit</span> <span class='ocrx_word' id='word_1_53' title='bbox 340 1360 374 1412; x_wconf 92' lang='lat' dir='ltr'>ad</span> <span class='ocrx_word' id='word_1_54' title='bbox 384 1360 458 1413; x_wconf 84' lang='lat' dir='ltr'>hune.</span> <span class='ocrx_word' id='word_1_55' title='bbox 468 1361 578 1427; x_wconf 80' lang='lat' dir='ltr'>juvenis</span> <span class='ocrx_word' id='word_1_56' title='bbox 590 1378 737 1415; x_wconf 79' lang='lat' dir='ltr'>conuersus</span> <span class='ocrx_word' id='word_1_57' title='bbox 749 1362 978 1417; x_wconf 80' lang='lat' dir='ltr'>sublocrimando.</span> 
     </span>
     <span class='ocr_line' id='line_1_9' title="bbox 249 1456 942 1524; baseline 0.006 -16"><span class='ocrx_word' id='word_1_58' title='bbox 249 1456 432 1524; x_wconf 79' lang='lat' dir='ltr'>Conqueritur</span> <span class='ocrx_word' id='word_1_59' title='bbox 444 1456 536 1517; x_wconf 86' lang='lat' dir='ltr'>tristis,</span> <span class='ocrx_word' id='word_1_60' title='bbox 549 1463 575 1510; x_wconf 93' lang='lat' dir='ltr'>et</span> <span class='ocrx_word' id='word_1_61' title='bbox 584 1458 701 1511; x_wconf 88' lang='lat' dir='ltr'>consulit</span> <span class='ocrx_word' id='word_1_62' title='bbox 711 1459 784 1511; x_wconf 85' lang='lat' dir='ltr'>bunc</span> <span class='ocrx_word' id='word_1_63' title='bbox 793 1459 831 1511; x_wconf 89' lang='lat' dir='ltr'>ita</span> <span class='ocrx_word' id='word_1_64' title='bbox 844 1459 942 1513; x_wconf 75' lang='lat' dir='ltr'>fando:</span> 
     </span>
     <span class='ocr_line' id='line_1_10' title="bbox 250 1557 963 1625; baseline 0.004 -17"><span class='ocrx_word' id='word_1_65' title='bbox 250 1557 323 1621; x_wconf 79' lang='lat' dir='ltr'>Quid</span> <span class='ocrx_word' id='word_1_66' title='bbox 332 1557 445 1621; x_wconf 77' lang='lat' dir='ltr'>sociam,</span> <span class='ocrx_word' id='word_1_67' title='bbox 457 1559 573 1610; x_wconf 77' lang='lat' dir='ltr'>deirae?</span> <span class='ocrx_word' id='word_1_68' title='bbox 584 1559 674 1610; x_wconf 79' lang='lat' dir='ltr'>dloier</span> <span class='ocrx_word' id='word_1_69' title='bbox 685 1576 742 1611; x_wconf 76' lang='lat' dir='ltr'>niro</span> <span class='ocrx_word' id='word_1_70' title='bbox 754 1561 829 1611; x_wconf 80' lang='lat' dir='ltr'>arida</span> <span class='ocrx_word' id='word_1_71' title='bbox 842 1567 963 1625; x_wconf 72' lang='lat' dir='ltr'>sopater,</span> 
     </span>
     <span class='ocr_line' id='line_1_11' title="bbox 247 1657 882 1724; baseline 0.005 -17"><span class='ocrx_word' id='word_1_72' title='bbox 247 1657 283 1708; x_wconf 82' lang='lat' dir='ltr'>Et</span> <span class='ocrx_word' id='word_1_73' title='bbox 293 1672 347 1707; x_wconf 82' lang='lat' dir='ltr'>non</span> <span class='ocrx_word' id='word_1_74' title='bbox 359 1658 482 1708; x_wconf 74' lang='lat' dir='ltr'>catullus</span> <span class='ocrx_word' id='word_1_75' title='bbox 494 1660 542 1724; x_wconf 81' lang='lat' dir='ltr'>qui</span> <span class='ocrx_word' id='word_1_76' title='bbox 550 1659 676 1723; x_wconf 76' lang='lat' dir='ltr'>porriput</span> <span class='ocrx_word' id='word_1_77' title='bbox 689 1659 759 1710; x_wconf 81' lang='lat' dir='ltr'>unde</span> <span class='ocrx_word' id='word_1_78' title='bbox 769 1665 882 1723; x_wconf 75' lang='lat' dir='ltr'>tepotur.</span> 
     </span>
     <span class='ocr_line' id='line_1_12' title="bbox 249 1755 931 1823; baseline 0.003 -16"><span class='ocrx_word' id='word_1_79' title='bbox 249 1755 340 1822; x_wconf 74' lang='lat' dir='ltr'>Gopito</span> <span class='ocrx_word' id='word_1_80' title='bbox 352 1757 472 1808; x_wconf 61' lang='lat' dir='ltr'>deserere</span> <span class='ocrx_word' id='word_1_81' title='bbox 483 1758 633 1809; x_wconf 80' lang='lat' dir='ltr'>claustrum</span> <span class='ocrx_word' id='word_1_82' title='bbox 645 1759 931 1823; x_wconf 77' lang='lat' dir='ltr'>arntremquejurare:</span> 
     </span>
     <span class='ocr_line' id='line_1_13' title="bbox 247 1855 916 1921; baseline 0.004 -15"><span class='ocrx_word' id='word_1_83' title='bbox 247 1855 348 1919; x_wconf 81' lang='lat' dir='ltr'>Postea,</span> <span class='ocrx_word' id='word_1_84' title='bbox 358 1871 418 1907; x_wconf 84' lang='lat' dir='ltr'>cum</span> <span class='ocrx_word' id='word_1_85' title='bbox 428 1856 513 1921; x_wconf 72' lang='lat' dir='ltr'>fuerit</span> <span class='ocrx_word' id='word_1_86' title='bbox 525 1856 577 1908; x_wconf 74' lang='lat' dir='ltr'>beo</span> <span class='ocrx_word' id='word_1_87' title='bbox 589 1863 703 1917; x_wconf 83' lang='lat' dir='ltr'>mortuo,</span> <span class='ocrx_word' id='word_1_88' title='bbox 715 1863 778 1908; x_wconf 82' lang='lat' dir='ltr'>tuuc</span> <span class='ocrx_word' id='word_1_89' title='bbox 790 1873 916 1909; x_wconf 71' lang='lat' dir='ltr'>reamare.</span> 
     </span>
     <span class='ocr_line' id='line_1_14' title="bbox 248 1951 1015 2020; baseline 0.003 -17"><span class='ocrx_word' id='word_1_90' title='bbox 248 1951 327 2005; x_wconf 89' lang='lat' dir='ltr'>Hunc</span> <span class='ocrx_word' id='word_1_91' title='bbox 336 1952 410 2020; x_wconf 90' lang='lat' dir='ltr'>prior</span> <span class='ocrx_word' id='word_1_92' title='bbox 419 1968 539 2006; x_wconf 88' lang='lat' dir='ltr'>errorem</span> <span class='ocrx_word' id='word_1_93' title='bbox 550 1953 725 2020; x_wconf 76' lang='lat' dir='ltr'>reprehendit</span> <span class='ocrx_word' id='word_1_94' title='bbox 736 1958 764 2005; x_wconf 92' lang='lat' dir='ltr'>et</span> <span class='ocrx_word' id='word_1_95' title='bbox 775 1952 864 2020; x_wconf 85' lang='lat' dir='ltr'>inquit</span> <span class='ocrx_word' id='word_1_96' title='bbox 876 1953 910 2005; x_wconf 92' lang='lat' dir='ltr'>ad</span> <span class='ocrx_word' id='word_1_97' title='bbox 922 1952 1015 2006; x_wconf 87' lang='lat' dir='ltr'>iilum:</span> 
     </span>
     <span class='ocr_line' id='line_1_15' title="bbox 248 2051 913 2120; baseline 0.003 -18"><span class='ocrx_word' id='word_1_98' title='bbox 248 2051 308 2103; x_wconf 85' lang='lat' dir='ltr'>Non</span> <span class='ocrx_word' id='word_1_99' title='bbox 321 2052 408 2104; x_wconf 77' lang='lat' dir='ltr'>exibis</span> <span class='ocrx_word' id='word_1_100' title='bbox 420 2053 450 2103; x_wconf 85' lang='lat' dir='ltr'>ob</span> <span class='ocrx_word' id='word_1_101' title='bbox 462 2053 510 2104; x_wconf 82' lang='lat' dir='ltr'>boc</span> <span class='ocrx_word' id='word_1_102' title='bbox 516 2071 527 2115; x_wconf 91' lang='lat'><em>;</em></span> <span class='ocrx_word' id='word_1_103' title='bbox 539 2060 654 2118; x_wconf 75' lang='lat' dir='ltr'>expecto,</span> <span class='ocrx_word' id='word_1_104' title='bbox 667 2069 761 2120; x_wconf 74' lang='lat' dir='ltr'>pereso,</span> <span class='ocrx_word' id='word_1_105' title='bbox 772 2054 913 2118; x_wconf 72' lang='lat' dir='ltr'>pusillior.</span> 
     </span>
     <span class='ocr_line' id='line_1_16' title="bbox 246 2148 983 2217; baseline 0.004 -17"><span class='ocrx_word' id='word_1_106' title='bbox 246 2149 271 2201; x_wconf 93' lang='lat' dir='ltr'>lt</span> <span class='ocrx_word' id='word_1_107' title='bbox 283 2150 358 2217; x_wconf 92' lang='lat' dir='ltr'>prior</span> <span class='ocrx_word' id='word_1_108' title='bbox 370 2149 404 2201; x_wconf 88' lang='lat' dir='ltr'>ad</span> <span class='ocrx_word' id='word_1_109' title='bbox 417 2148 517 2202; x_wconf 87' lang='lat' dir='ltr'>lectum</span> <span class='ocrx_word' id='word_1_110' title='bbox 530 2169 536 2202; x_wconf 92' lang='lat'>:</span> <span class='ocrx_word' id='word_1_111' title='bbox 550 2151 671 2203; x_wconf 82' lang='lat' dir='ltr'>tunicam</span> <span class='ocrx_word' id='word_1_112' title='bbox 684 2150 746 2203; x_wconf 84' lang='lat' dir='ltr'>tulit</span> <span class='ocrx_word' id='word_1_113' title='bbox 758 2150 821 2203; x_wconf 90' lang='lat' dir='ltr'>inde</span> <span class='ocrx_word' id='word_1_114' title='bbox 836 2156 983 2211; x_wconf 87' lang='lat' dir='ltr'>recentem,</span> 
     </span>
     <span class='ocr_line' id='line_1_17' title="bbox 246 2248 868 2317; baseline 0.003 -17"><span class='ocrx_word' id='word_1_115' title='bbox 246 2248 386 2301; x_wconf 88' lang='lat' dir='ltr'>Converse</span> <span class='ocrx_word' id='word_1_116' title='bbox 399 2249 480 2312; x_wconf 85' lang='lat' dir='ltr'>dedit,</span> <span class='ocrx_word' id='word_1_117' title='bbox 490 2254 520 2302; x_wconf 87' lang='lat' dir='ltr'>ut</span> <span class='ocrx_word' id='word_1_118' title='bbox 534 2249 630 2302; x_wconf 85' lang='lat' dir='ltr'>vestiat</span> <span class='ocrx_word' id='word_1_119' title='bbox 643 2250 706 2303; x_wconf 91' lang='lat' dir='ltr'>inde</span> <span class='ocrx_word' id='word_1_120' title='bbox 718 2255 868 2317; x_wconf 89' lang='lat' dir='ltr'>parentem.</span> 
     </span>
     <span class='ocr_line' id='line_1_18' title="bbox 247 2346 898 2415; baseline 0.002 -16"><span class='ocrx_word' id='word_1_121' title='bbox 247 2346 304 2400; x_wconf 87' lang='lat' dir='ltr'>Hoc</span> <span class='ocrx_word' id='word_1_122' title='bbox 317 2352 409 2400; x_wconf 88' lang='lat' dir='ltr'>eustos</span> <span class='ocrx_word' id='word_1_123' title='bbox 421 2364 536 2401; x_wconf 77' lang='lat' dir='ltr'>camerae</span> <span class='ocrx_word' id='word_1_124' title='bbox 548 2348 595 2415; x_wconf 90' lang='lat' dir='ltr'>qui</span> <span class='ocrx_word' id='word_1_125' title='bbox 609 2352 699 2401; x_wconf 87' lang='lat' dir='ltr'>vestes</span> <span class='ocrx_word' id='word_1_126' title='bbox 711 2348 898 2412; x_wconf 76' lang='lat' dir='ltr'>distribuebat,</span> 
     </span>
     <span class='ocr_line' id='line_1_19' title="bbox 246 2445 806 2509; baseline 0.002 -11"><span class='ocrx_word' id='word_1_127' title='bbox 246 2445 338 2509; x_wconf 79' lang='lat' dir='ltr'>Seivit,</span> <span class='ocrx_word' id='word_1_128' title='bbox 351 2451 378 2498; x_wconf 88' lang='lat' dir='ltr'>et</span> <span class='ocrx_word' id='word_1_129' title='bbox 390 2446 474 2499; x_wconf 89' lang='lat' dir='ltr'>iratus</span> <span class='ocrx_word' id='word_1_130' title='bbox 487 2446 580 2499; x_wconf 86' lang='lat' dir='ltr'>abbati</span> <span class='ocrx_word' id='word_1_131' title='bbox 595 2463 650 2499; x_wconf 91' lang='lat' dir='ltr'>rem</span> <span class='ocrx_word' id='word_1_132' title='bbox 664 2447 806 2499; x_wconf 82' lang='lat' dir='ltr'>referebat.</span> 
     </span>
     <span class='ocr_line' id='line_1_20' title="bbox 246 2544 863 2614; baseline 0.003 -18"><span class='ocrx_word' id='word_1_133' title='bbox 246 2544 348 2607; x_wconf 81' lang='lat' dir='ltr'>Abbas,</span> <span class='ocrx_word' id='word_1_134' title='bbox 359 2546 438 2611; x_wconf 87' lang='lat' dir='ltr'>juxta</span> <span class='ocrx_word' id='word_1_135' title='bbox 449 2562 478 2598; x_wconf 91' lang='lat' dir='ltr'>se</span> <span class='ocrx_word' id='word_1_136' title='bbox 491 2545 593 2598; x_wconf 79' lang='lat' dir='ltr'>iaciens</span> <span class='ocrx_word' id='word_1_137' title='bbox 605 2545 723 2598; x_wconf 89' lang='lat' dir='ltr'>residere</span> <span class='ocrx_word' id='word_1_138' title='bbox 735 2546 863 2614; x_wconf 79' lang='lat' dir='ltr'>priorem,</span> 
     </span>
     <span class='ocr_line' id='line_1_21' title="bbox 246 2642 949 2711; baseline 0.001 -16"><span class='ocrx_word' id='word_1_139' title='bbox 246 2642 319 2708; x_wconf 87' lang='lat' dir='ltr'>Quot</span> <span class='ocrx_word' id='word_1_140' title='bbox 330 2643 438 2696; x_wconf 84' lang='lat' dir='ltr'>tunicas</span> <span class='ocrx_word' id='word_1_141' title='bbox 449 2644 558 2704; x_wconf 88' lang='lat' dir='ltr'>babeat,</span> <span class='ocrx_word' id='word_1_142' title='bbox 568 2644 716 2711; x_wconf 78' lang='lat' dir='ltr'>interrogat</span> <span class='ocrx_word' id='word_1_143' title='bbox 728 2644 793 2696; x_wconf 87' lang='lat' dir='ltr'>hino</span> <span class='ocrx_word' id='word_1_144' title='bbox 805 2644 949 2697; x_wconf 86' lang='lat' dir='ltr'>seniorem.</span> 
     </span>
     <span class='ocr_line' id='line_1_22' title="bbox 247 2742 887 2810; baseline 0.002 -17"><span class='ocrx_word' id='word_1_145' title='bbox 247 2743 298 2794; x_wconf 85' lang='lat' dir='ltr'>Hic</span> <span class='ocrx_word' id='word_1_146' title='bbox 308 2743 390 2794; x_wconf 81' lang='lat' dir='ltr'>babeo</span> <span class='ocrx_word' id='word_1_147' title='bbox 400 2746 530 2807; x_wconf 71' lang='lat' dir='ltr'>pominus,</span> <span class='ocrx_word' id='word_1_148' title='bbox 543 2742 608 2795; x_wconf 86' lang='lat' dir='ltr'>dicit</span> <span class='ocrx_word' id='word_1_149' title='bbox 620 2742 706 2810; x_wconf 85' lang='lat' dir='ltr'>prior;</span> <span class='ocrx_word' id='word_1_150' title='bbox 719 2760 773 2795; x_wconf 81' lang='lat' dir='ltr'>ecre</span> <span class='ocrx_word' id='word_1_151' title='bbox 784 2744 887 2795; x_wconf 77' lang='lat' dir='ltr'>videtis.</span> 
     </span>
     <span class='ocr_line' id='line_1_23' title="bbox 246 2840 1029 2908; baseline 0.006 -18"><span class='ocrx_word' id='word_1_152' title='bbox 246 2868 278 2875; x_wconf 90' lang='lat'>-</span> <span class='ocrx_word' id='word_1_153' title='bbox 288 2841 374 2892; x_wconf 78' lang='lat' dir='ltr'>Inane</span> <span class='ocrx_word' id='word_1_154' title='bbox 386 2848 449 2907; x_wconf 75' lang='lat' dir='ltr'>picot</span> <span class='ocrx_word' id='word_1_155' title='bbox 461 2842 498 2893; x_wconf 85' lang='lat' dir='ltr'>ad</span> <span class='ocrx_word' id='word_1_156' title='bbox 509 2843 612 2904; x_wconf 74' lang='lat' dir='ltr'>lection,</span> <span class='ocrx_word' id='word_1_157' title='bbox 625 2841 686 2907; x_wconf 93' lang='lat' dir='ltr'>pius</span> <span class='ocrx_word' id='word_1_158' title='bbox 698 2840 783 2892; x_wconf 84' lang='lat' dir='ltr'>abbas</span> <span class='ocrx_word' id='word_1_159' title='bbox 796 2840 891 2908; x_wconf 88' lang='lat' dir='ltr'>inquit,</span> <span class='ocrx_word' id='word_1_160' title='bbox 903 2842 1029 2895; x_wconf 78' lang='lat' dir='ltr'>bebetis?</span> 
     </span>
     <span class='ocr_line' id='line_1_24' title="bbox 245 2938 985 3006; baseline 0.003 -15"><span class='ocrx_word' id='word_1_161' title='bbox 245 2966 276 2973; x_wconf 87' lang='lat'>--</span> <span class='ocrx_word' id='word_1_162' title='bbox 294 2940 353 2991; x_wconf 85' lang='lat' dir='ltr'>Uno</span> <span class='ocrx_word' id='word_1_163' title='bbox 364 2942 495 2991; x_wconf 74' lang='lat' dir='ltr'>remansit</span> <span class='ocrx_word' id='word_1_164' title='bbox 509 2940 553 3004; x_wconf 87' lang='lat' dir='ltr'>ibi,</span> <span class='ocrx_word' id='word_1_165' title='bbox 566 2938 640 3006; x_wconf 91' lang='lat' dir='ltr'>prior</span> <span class='ocrx_word' id='word_1_166' title='bbox 651 2939 735 2999; x_wconf 84' lang='lat' dir='ltr'>addit,</span> <span class='ocrx_word' id='word_1_167' title='bbox 749 2947 772 2992; x_wconf 82' lang='lat' dir='ltr'>et</span> <span class='ocrx_word' id='word_1_168' title='bbox 784 2942 896 3006; x_wconf 75' lang='lat' dir='ltr'>urrpeius</span> <span class='ocrx_word' id='word_1_169' title='bbox 912 2958 985 2993; x_wconf 78' lang='lat' dir='ltr'>unus</span> 
     </span>
     <span class='ocr_line' id='line_1_25' title="bbox 249 3039 866 3105; baseline 0 -16"><span class='ocrx_word' id='word_1_170' title='bbox 249 3039 335 3090; x_wconf 84' lang='lat' dir='ltr'>Unam</span> <span class='ocrx_word' id='word_1_171' title='bbox 346 3041 461 3105; x_wconf 79' lang='lat' dir='ltr'>ercrupeit</span> <span class='ocrx_word' id='word_1_172' title='bbox 474 3039 518 3102; x_wconf 87' lang='lat' dir='ltr'>ibi,</span> <span class='ocrx_word' id='word_1_173' title='bbox 531 3040 642 3090; x_wconf 75' lang='lat' dir='ltr'>coelestis</span> <span class='ocrx_word' id='word_1_174' title='bbox 649 3040 720 3103; x_wconf 84' lang='lat' dir='ltr'>sorte</span> <span class='ocrx_word' id='word_1_175' title='bbox 731 3039 866 3090; x_wconf 83' lang='lat' dir='ltr'>tribunus.</span> 
     </span>
     <span class='ocr_line' id='line_1_26' title="bbox 244 3135 937 3205; baseline 0.003 -17"><span class='ocrx_word' id='word_1_176' title='bbox 244 3135 341 3190; x_wconf 85' lang='lat' dir='ltr'>Subdii</span> <span class='ocrx_word' id='word_1_177' title='bbox 353 3137 387 3190; x_wconf 90' lang='lat' dir='ltr'>ad</span> <span class='ocrx_word' id='word_1_178' title='bbox 399 3137 457 3189; x_wconf 81' lang='lat' dir='ltr'>hee</span> <span class='ocrx_word' id='word_1_179' title='bbox 469 3137 571 3189; x_wconf 86' lang='lat' dir='ltr'>abbas:</span> <span class='ocrx_word' id='word_1_180' title='bbox 586 3138 684 3189; x_wconf 82' lang='lat' dir='ltr'>Verum</span> <span class='ocrx_word' id='word_1_181' title='bbox 696 3139 794 3189; x_wconf 78' lang='lat' dir='ltr'>dicatis</span> <span class='ocrx_word' id='word_1_182' title='bbox 806 3146 937 3205; x_wconf 84' lang='lat' dir='ltr'>opertum.</span> 
     </span>
     <span class='ocr_line' id='line_1_27' title="bbox 246 3234 922 3303; baseline 0.004 -16"><span class='ocrx_word' id='word_1_183' title='bbox 246 3234 323 3288; x_wconf 86' lang='lat' dir='ltr'>Tunc</span> <span class='ocrx_word' id='word_1_184' title='bbox 336 3235 410 3303; x_wconf 89' lang='lat' dir='ltr'>prior</span> <span class='ocrx_word' id='word_1_185' title='bbox 420 3236 548 3288; x_wconf 82' lang='lat' dir='ltr'>abbatem</span> <span class='ocrx_word' id='word_1_186' title='bbox 562 3234 625 3288; x_wconf 85' lang='lat' dir='ltr'>iecit</span> <span class='ocrx_word' id='word_1_187' title='bbox 637 3235 670 3288; x_wconf 92' lang='lat' dir='ltr'>de</span> <span class='ocrx_word' id='word_1_188' title='bbox 683 3251 797 3289; x_wconf 91' lang='lat' dir='ltr'>munere</span> <span class='ocrx_word' id='word_1_189' title='bbox 809 3240 922 3290; x_wconf 88' lang='lat' dir='ltr'>certum.</span> 
     </span>
     <span class='ocr_line' id='line_1_28' title="bbox 243 3334 881 3403; baseline 0.005 -17"><span class='ocrx_word' id='word_1_190' title='bbox 243 3334 337 3387; x_wconf 80' lang='lat' dir='ltr'>Abbas</span> <span class='ocrx_word' id='word_1_191' title='bbox 347 3334 491 3388; x_wconf 87' lang='lat' dir='ltr'>subridens</span> <span class='ocrx_word' id='word_1_192' title='bbox 504 3334 623 3387; x_wconf 87' lang='lat' dir='ltr'>tunicam</span> <span class='ocrx_word' id='word_1_193' title='bbox 631 3334 710 3401; x_wconf 84' lang='lat' dir='ltr'>jubet</span> <span class='ocrx_word' id='word_1_194' title='bbox 722 3335 786 3388; x_wconf 90' lang='lat' dir='ltr'>inde</span> <span class='ocrx_word' id='word_1_195' title='bbox 798 3336 881 3403; x_wconf 87' lang='lat' dir='ltr'>priori</span> 
     </span>
     <span class='ocr_line' id='line_1_29' title="bbox 244 3432 805 3498; baseline 0.004 -13"><span class='ocrx_word' id='word_1_196' title='bbox 244 3433 370 3498; x_wconf 85' lang='lat' dir='ltr'>Restitui,</span> <span class='ocrx_word' id='word_1_197' title='bbox 382 3433 465 3487; x_wconf 90' lang='lat' dir='ltr'>simili</span> <span class='ocrx_word' id='word_1_198' title='bbox 477 3434 511 3486; x_wconf 90' lang='lat' dir='ltr'>de</span> <span class='ocrx_word' id='word_1_199' title='bbox 523 3433 623 3487; x_wconf 85' lang='lat' dir='ltr'>vellere</span> <span class='ocrx_word' id='word_1_200' title='bbox 635 3433 678 3486; x_wconf 83' lang='lat' dir='ltr'>rel</span> <span class='ocrx_word' id='word_1_201' title='bbox 690 3432 805 3487; x_wconf 89' lang='lat' dir='ltr'>meliori.</span> 
     </span>
    </p>
   </div>
   <div class='ocr_carea' id='block_1_5' title="bbox 211 3631 1108 3705">
    <p class='ocr_par' dir='ltr' id='par_1_5' title="bbox 211 3631 1108 3705">
     <span class='ocr_line' id='line_1_30' title="bbox 211 3631 1108 3705; baseline -0.003 -13"><span class='ocrx_word' id='word_1_202' title='bbox 211 3636 262 3692; x_wconf 87' lang='lat' dir='ltr'>ne</span> <span class='ocrx_word' id='word_1_203' title='bbox 283 3633 360 3692; x_wconf 81' lang='lat' dir='ltr'>alte</span> <span class='ocrx_word' id='word_1_204' title='bbox 387 3632 510 3691; x_wconf 82' lang='lat' dir='ltr'>tunice</span> <span class='ocrx_word' id='word_1_205' title='bbox 532 3634 622 3692; x_wconf 80' lang='lat' dir='ltr'>deta</span> <span class='ocrx_word' id='word_1_206' title='bbox 642 3633 775 3692; x_wconf 83' lang='lat' dir='ltr'>vetulae</span> <span class='ocrx_word' id='word_1_207' title='bbox 796 3631 833 3691; x_wconf 87' lang='lat' dir='ltr'>in</span> <span class='ocrx_word' id='word_1_208' title='bbox 857 3634 920 3692; x_wconf 84' lang='lat' dir='ltr'>vta</span> <span class='ocrx_word' id='word_1_209' title='bbox 941 3635 1108 3705; x_wconf 66' lang='lat' dir='ltr'>reperte.</span> 
     </span>
    </p>
   </div>
   <div class='ocr_carea' id='block_1_6' title="bbox 242 3824 1003 4285">
    <p class='ocr_par' dir='ltr' id='par_1_6' title="bbox 242 3824 1003 4285">
     <span class='ocr_line' id='line_1_31' title="bbox 310 3824 947 3894; baseline -0.002 -17"><span class='ocrx_word' id='word_1_210' title='bbox 310 3825 446 3894; x_wconf 90' lang='lat' dir='ltr'>Tempore</span> <span class='ocrx_word' id='word_1_211' title='bbox 458 3825 576 3878; x_wconf 78' lang='lat' dir='ltr'>brumali</span> <span class='ocrx_word' id='word_1_212' title='bbox 586 3826 703 3879; x_wconf 89' lang='lat' dir='ltr'>domnus</span> <span class='ocrx_word' id='word_1_213' title='bbox 712 3824 849 3878; x_wconf 87' lang='lat' dir='ltr'>Werrieus</span> <span class='ocrx_word' id='word_1_214' title='bbox 861 3824 947 3876; x_wconf 84' lang='lat' dir='ltr'>abivit</span> 
     </span>
     <span class='ocr_line' id='line_1_32' title="bbox 243 3921 999 3992; baseline 0 -17"><span class='ocrx_word' id='word_1_215' title='bbox 243 3923 286 3976; x_wconf 80' lang='lat' dir='ltr'>Ad</span> <span class='ocrx_word' id='word_1_216' title='bbox 299 3928 403 3977; x_wconf 87' lang='lat' dir='ltr'>curtem</span> <span class='ocrx_word' id='word_1_217' title='bbox 416 3925 563 3992; x_wconf 87' lang='lat' dir='ltr'>quemdam</span> <span class='ocrx_word' id='word_1_218' title='bbox 576 3940 626 3992; x_wconf 89' lang='lat' dir='ltr'>pro</span> <span class='ocrx_word' id='word_1_219' title='bbox 642 3940 724 3976; x_wconf 82' lang='lat' dir='ltr'>eausa</span> <span class='ocrx_word' id='word_1_220' title='bbox 736 3939 817 3991; x_wconf 91' lang='lat' dir='ltr'>quam</span> <span class='ocrx_word' id='word_1_221' title='bbox 831 3923 901 3975; x_wconf 90' lang='lat' dir='ltr'>bene</span> <span class='ocrx_word' id='word_1_222' title='bbox 913 3921 999 3975; x_wconf 85' lang='lat' dir='ltr'>seivit.</span> 
     </span>
     <span class='ocr_line' id='line_1_33' title="bbox 244 4002 986 4091; baseline -0.003 -17"><span class='ocrx_word' id='word_1_223' title='bbox 244 4021 303 4075; x_wconf 87' lang='lat' dir='ltr'>Hoc</span> <span class='ocrx_word' id='word_1_224' title='bbox 316 4023 345 4076; x_wconf 89' lang='lat' dir='ltr'>in</span> <span class='ocrx_word' id='word_1_225' title='bbox 357 4023 409 4075; x_wconf 90' lang='lat' dir='ltr'>iter</span> <span class='ocrx_word' id='word_1_226' title='bbox 418 4022 537 4075; x_wconf 77' lang='lat' dir='ltr'>vetulam</span> <span class='ocrx_word' id='word_1_227' title='bbox 551 4021 678 4091; x_wconf 83' lang='lat' dir='ltr'>reperivit</span> <span class='ocrx_word' id='word_1_228' title='bbox 690 4037 746 4074; x_wconf 89' lang='lat' dir='ltr'>nou</span> <span class='ocrx_word' id='word_1_229' title='bbox 756 4020 914 4083; x_wconf 85' lang='lat' dir='ltr'>tunicatam,</span> <span class='ocrx_word' id='word_1_230' title='bbox 983 4002 986 4009; x_wconf 43' lang='lat'>¹</span> 
     </span>
     <span class='ocr_line' id='line_1_34' title="bbox 242 4120 913 4188; baseline -0.003 -15"><span class='ocrx_word' id='word_1_231' title='bbox 242 4120 295 4174; x_wconf 91' lang='lat' dir='ltr'>Sed</span> <span class='ocrx_word' id='word_1_232' title='bbox 305 4121 390 4173; x_wconf 88' lang='lat' dir='ltr'>ferme</span> <span class='ocrx_word' id='word_1_233' title='bbox 400 4121 510 4183; x_wconf 87' lang='lat' dir='ltr'>nudam,</span> <span class='ocrx_word' id='word_1_234' title='bbox 518 4122 575 4187; x_wconf 87' lang='lat' dir='ltr'>jam</span> <span class='ocrx_word' id='word_1_235' title='bbox 589 4121 687 4188; x_wconf 82' lang='lat' dir='ltr'>frigore</span> <span class='ocrx_word' id='word_1_236' title='bbox 699 4136 767 4188; x_wconf 90' lang='lat' dir='ltr'>pene</span> <span class='ocrx_word' id='word_1_237' title='bbox 780 4124 913 4172; x_wconf 85' lang='lat' dir='ltr'>necatam.</span> 
     </span>
     <span class='ocr_line' id='line_1_35' title="bbox 243 4217 1003 4285; baseline -0.003 -15"><span class='ocrx_word' id='word_1_238' title='bbox 243 4217 307 4270; x_wconf 79' lang='lat' dir='ltr'>Haec</span> <span class='ocrx_word' id='word_1_239' title='bbox 320 4218 500 4270; x_wconf 88' lang='lat' dir='ltr'>tremebunda</span> <span class='ocrx_word' id='word_1_240' title='bbox 512 4222 604 4285; x_wconf 83' lang='lat' dir='ltr'>rogat:</span> <span class='ocrx_word' id='word_1_241' title='bbox 617 4219 753 4283; x_wconf 77' lang='lat' dir='ltr'>Miserere,</span> <span class='ocrx_word' id='word_1_242' title='bbox 762 4220 851 4284; x_wconf 84' lang='lat' dir='ltr'>prior,</span> <span class='ocrx_word' id='word_1_243' title='bbox 861 4220 1003 4269; x_wconf 78' lang='lat' dir='ltr'>irriserere:</span> 
     </span>
    </p>
   </div>
   <div class='ocr_carea' id='block_1_7' title="bbox 31 4395 1276 4797">
    <p class='ocr_par' dir='ltr' id='par_1_7' title="bbox 31 4395 1276 4797">
     <span class='ocr_line' id='line_1_36' title="bbox 72 4395 1275 4466; baseline -0.002 -13"><span class='ocrx_word' id='word_1_244' title='bbox 72 4402 112 4465; x_wconf 84' lang='grc'>(1)</span> <span class='ocrx_word' id='word_1_245' title='bbox 125 4398 289 4451; x_wconf 85' lang='lat' dir='ltr'>Frumaldus</span> <span class='ocrx_word' id='word_1_246' title='bbox 298 4398 331 4450; x_wconf 89' lang='lat' dir='ltr'>de</span> <span class='ocrx_word' id='word_1_247' title='bbox 344 4398 482 4455; x_wconf 77' lang='lat' dir='ltr'>Fontonis,</span> <span class='ocrx_word' id='word_1_248' title='bbox 492 4414 621 4466; x_wconf 83' lang='lat' dir='ltr'>perqmun</span> <span class='ocrx_word' id='word_1_249' title='bbox 633 4396 775 4448; x_wconf 79' lang='lat' dir='ltr'>familiaris</span> <span class='ocrx_word' id='word_1_250' title='bbox 784 4396 896 4448; x_wconf 73' lang='lat' dir='ltr'>biberto</span> <span class='ocrx_word' id='word_1_251' title='bbox 906 4414 922 4448; x_wconf 87' lang='lat' dir='ltr'>a</span> <span class='ocrx_word' id='word_1_252' title='bbox 932 4395 1062 4457; x_wconf 78' lang='lat' dir='ltr'>Loranio,</span> <span class='ocrx_word' id='word_1_253' title='bbox 1072 4397 1199 4465; x_wconf 83' lang='lat' dir='ltr'>episcopo</span> <span class='ocrx_word' id='word_1_254' title='bbox 1208 4398 1275 4452; x_wconf 87' lang='lat' dir='ltr'>Leo-</span> 
     </span>
     <span class='ocr_line' id='line_1_37' title="bbox 32 4479 1276 4547; baseline -0.003 -10"><span class='ocrx_word' id='word_1_255' title='bbox 32 4481 140 4543; x_wconf 86' lang='lat' dir='ltr'>diensi,</span> <span class='ocrx_word' id='word_1_256' title='bbox 152 4480 269 4533; x_wconf 89' lang='lat' dir='ltr'>ssorebat</span> <span class='ocrx_word' id='word_1_257' title='bbox 280 4480 360 4533; x_wconf 89' lang='lat' dir='ltr'>annis</span> <span class='ocrx_word' id='word_1_258' title='bbox 373 4482 435 4533; x_wconf 74' lang='grc'><strong>11110</strong></span> <span class='ocrx_word' id='word_1_259' title='bbox 449 4486 475 4533; x_wconf 90' lang='lat' dir='ltr'>et</span> <span class='ocrx_word' id='word_1_260' title='bbox 488 4482 552 4533; x_wconf 72' lang='lat'>1195&gt;</span> <span class='ocrx_word' id='word_1_261' title='bbox 564 4482 668 4539; x_wconf 57' lang='lat' dir='ltr'>“initia</span> <span class='ocrx_word' id='word_1_262' title='bbox 682 4481 848 4545; x_wconf 59' lang='lat' dir='ltr'>(liminiana,</span> <span class='ocrx_word' id='word_1_263' title='bbox 858 4484 923 4531; x_wconf 88' lang='lat' dir='ltr'>tom.</span> <span class='ocrx_word' id='word_1_264' title='bbox 935 4479 981 4543; x_wconf 89' lang='lat' dir='ltr'>lii,</span> <span class='ocrx_word' id='word_1_265' title='bbox 993 4496 1019 4545; x_wconf 91' lang='lat' dir='ltr'>p.</span> <span class='ocrx_word' id='word_1_266' title='bbox 1038 4479 1204 4543; x_wconf 68' lang='lat' dir='ltr'>loliib&#39;enit</span> <span class='ocrx_word' id='word_1_267' title='bbox 1217 4481 1276 4547; x_wconf 85' lang='lat' dir='ltr'>ejus</span> 
     </span>
     <span class='ocr_line' id='line_1_38' title="bbox 33 4561 1275 4630; baseline -0.002 -10"><span class='ocrx_word' id='word_1_268' title='bbox 33 4579 147 4620; x_wconf 88' lang='lat' dir='ltr'>nornen</span> <span class='ocrx_word' id='word_1_269' title='bbox 160 4562 188 4615; x_wconf 89' lang='lat' dir='ltr'>in</span> <span class='ocrx_word' id='word_1_270' title='bbox 200 4561 348 4630; x_wconf 88' lang='lat' dir='ltr'>diplomate</span> <span class='ocrx_word' id='word_1_271' title='bbox 364 4564 428 4616; x_wconf 87' lang='lat' dir='ltr'>dato</span> <span class='ocrx_word' id='word_1_272' title='bbox 444 4579 516 4614; x_wconf 73' lang='lat' dir='ltr'>:inno</span> <span class='ocrx_word' id='word_1_273' title='bbox 528 4564 593 4615; x_wconf 80' lang='lat' dir='ltr'>litto</span> <span class='ocrx_word' id='word_1_274' title='bbox 604 4561 715 4626; x_wconf 70' lang='lat' dir='ltr'>(videsis</span> <span class='ocrx_word' id='word_1_275' title='bbox 728 4562 868 4617; x_wconf 82' lang='lat' dir='ltr'>Devillers,</span> <span class='ocrx_word' id='word_1_276' title='bbox 878 4563 1006 4615; x_wconf 69' lang='lat' dir='ltr'>ile&#39;moire</span> <span class='ocrx_word' id='word_1_277' title='bbox 1015 4580 1065 4614; x_wconf 83' lang='lat' dir='ltr'>sur</span> <span class='ocrx_word' id='word_1_278' title='bbox 1076 4579 1112 4614; x_wconf 81' lang='lat' dir='ltr'>un</span> <span class='ocrx_word' id='word_1_279' title='bbox 1124 4564 1275 4617; x_wconf 79' lang='lat' dir='ltr'>eurtrrlaire</span> 
     </span>
     <span class='ocr_line' id='line_1_39' title="bbox 31 4643 1274 4713; baseline -0.002 -12"><span class='ocrx_word' id='word_1_280' title='bbox 31 4646 359 4713; x_wconf 58' lang='lat' dir='ltr'>‹retraetayeo&#39;arne,p.</span> <span class='ocrx_word' id='word_1_281' title='bbox 373 4645 541 4711; x_wconf 64' lang='lat' dir='ltr'>ubidicitur</span> <span class='ocrx_word' id='word_1_282' title='bbox 558 4644 615 4697; x_wconf 80' lang='lat' dir='ltr'>ritu</span> <span class='ocrx_word' id='word_1_283' title='bbox 634 4644 743 4698; x_wconf 82' lang='lat' dir='ltr'>iunctus</span> <span class='ocrx_word' id='word_1_284' title='bbox 756 4645 807 4698; x_wconf 87' lang='lat' dir='ltr'>sub</span> <span class='ocrx_word' id='word_1_285' title='bbox 828 4645 890 4697; x_wconf 76' lang='lat'>1108</span> <span class='ocrx_word' id='word_1_286' title='bbox 908 4643 1086 4713; x_wconf 84' lang='lat' dir='ltr'>(Lebrocquy,</span> <span class='ocrx_word' id='word_1_287' title='bbox 1104 4645 1226 4699; x_wconf 77' lang='lat' dir='ltr'>Histoire</span> <span class='ocrx_word' id='word_1_288' title='bbox 1242 4648 1274 4699; x_wconf 78' lang='lat' dir='ltr'>de</span> 
     </span>
     <span class='ocr_line' id='line_1_40' title="bbox 31 4728 405 4797; baseline -0.011 -12"><span class='ocrx_word' id='word_1_289' title='bbox 31 4730 162 4797; x_wconf 80' lang='lat' dir='ltr'>l’obbope</span> <span class='ocrx_word' id='word_1_290' title='bbox 177 4730 303 4794; x_wconf 60' lang='lat' dir='ltr'>d’riubre,</span> <span class='ocrx_word' id='word_1_291' title='bbox 315 4744 341 4796; x_wconf 89' lang='lat' dir='ltr'>p.</span> <span class='ocrx_word' id='word_1_292' title='bbox 355 4728 405 4794; x_wconf 67' lang='lat'>3²2).</span> 
     </span>
    </p>
   </div>
   <div class='ocr_carea' id='block_1_8' title="bbox 0 0 1576 5392">
    <p class='ocr_par' dir='ltr' id='par_1_8' title="bbox 0 0 1576 5392">
     <span class='ocr_line' id='line_1_41' title="bbox 0 0 1576 5392; baseline 0 2"><span class='ocrx_word' id='word_1_293' title='bbox 0 0 1576 5392; x_wconf 95' lang='lat' dir='ltr'> </span> 
     </span>
    </p>
   </div>
  </div>
 </body>
</html>
