<?xml version="1.0" encoding="UTF-8"?>
<!DOCTYPE html PUBLIC "-//W3C//DTD XHTML 1.0 Transitional//EN"
    "http://www.w3.org/TR/xhtml1/DTD/xhtml1-transitional.dtd">
<html xmlns="http://www.w3.org/1999/xhtml" xml:lang="en" lang="en">
 <head>
  <title>
</title>
<meta http-equiv="Content-Type" content="text/html;charset=utf-8" />
  <meta name='ocr-system' content='tesseract 3.04.00' />
  <meta name='ocr-capabilities' content='ocr_page ocr_carea ocr_par ocr_line ocrx_word'/>
</head>
<body>
  <div class='ocr_page' id='page_1' title='image "./cataloguscodicu01belggoog_0305.png"; bbox 0 0 3142 5392; ppageno 0'>
   <div class='ocr_carea' id='block_1_1' title="bbox 186 337 1082 413">
    <p class='ocr_par' dir='ltr' id='par_1_1' title="bbox 186 337 1082 413">
     <span class='ocr_line' id='line_1_1' title="bbox 186 337 1082 413; baseline -0.003 0"><span class='ocrx_word' id='word_1_1' title='bbox 186 337 258 413; x_wconf 67' lang='lat'><strong><em>282</em></strong></span> <span class='ocrx_word' id='word_1_2' title='bbox 521 358 647 411; x_wconf 70' lang='lat' dir='ltr'><strong><em>aaran.</em></strong></span> <span class='ocrx_word' id='word_1_3' title='bbox 673 358 777 411; x_wconf 89' lang='lat' dir='ltr'><strong><em>coon.</em></strong></span> <span class='ocrx_word' id='word_1_4' title='bbox 801 356 1082 410; x_wconf 76' lang='lat' dir='ltr'><strong><em>aaaroonnearc.</em></strong></span> 
     </span>
    </p>
   </div>
   <div class='ocr_carea' id='block_1_2' title="bbox 279 544 1423 4385">
    <p class='ocr_par' dir='ltr' id='par_1_2' title="bbox 350 544 1390 2094">
     <span class='ocr_line' id='line_1_2' title="bbox 350 544 1371 632; baseline 0.003 -22"><span class='ocrx_word' id='word_1_5' title='bbox 350 544 1371 632; x_wconf 59' lang='lat' dir='ltr'><strong><em>lpranuorurnpoenospnoniarnsamuletoobisinaestimabilius·</em></strong></span> 
     </span>
     <span class='ocr_line' id='line_1_3' title="bbox 352 643 1383 730; baseline 0.004 -21"><span class='ocrx_word' id='word_1_6' title='bbox 352 647 432 709; x_wconf 88' lang='lat' dir='ltr'><strong><em>ritas</em></strong></span> <span class='ocrx_word' id='word_1_7' title='bbox 445 645 819 730; x_wconf 71' lang='lat' dir='ltr'><strong><em>incomprehensibilisque</em></strong></span> <span class='ocrx_word' id='word_1_8' title='bbox 829 645 941 709; x_wconf 76' lang='lat' dir='ltr'><strong><em>latitia</em></strong></span> <span class='ocrx_word' id='word_1_9' title='bbox 954 643 1220 728; x_wconf 76' lang='lat' dir='ltr'><strong><em>infinitos.Nobis</em></strong></span> <span class='ocrx_word' id='word_1_10' title='bbox 1229 646 1383 713; x_wconf 65' lang='lat' dir='ltr'><strong><em>mrunbba</em></strong></span> 
     </span>
     <span class='ocr_line' id='line_1_4' title="bbox 350 741 1375 827; baseline 0.001 -21"><span class='ocrx_word' id='word_1_11' title='bbox 350 744 484 807; x_wconf 79' lang='lat' dir='ltr'><strong><em>uictoriae</em></strong></span> <span class='ocrx_word' id='word_1_12' title='bbox 492 745 671 826; x_wconf 77' lang='lat' dir='ltr'><strong><em>prumiam,</em></strong></span> <span class='ocrx_word' id='word_1_13' title='bbox 685 743 751 807; x_wconf 90' lang='lat' dir='ltr'><strong><em>illis</em></strong></span> <span class='ocrx_word' id='word_1_14' title='bbox 764 743 883 825; x_wconf 42' lang='lat' dir='ltr'><strong><em>*injuste</em></strong></span> <span class='ocrx_word' id='word_1_15' title='bbox 896 741 1112 827; x_wconf 80' lang='lat' dir='ltr'><strong><em>afflipenlibus</em></strong></span> <span class='ocrx_word' id='word_1_16' title='bbox 1126 741 1375 807; x_wconf 80' lang='lat' dir='ltr'><strong><em>retribueturinor-</em></strong></span> 
     </span>
     <span class='ocr_line' id='line_1_5' title="bbox 351 840 1376 926; baseline 0.002 -21"><span class='ocrx_word' id='word_1_17' title='bbox 351 842 423 906; x_wconf 80' lang='lat' dir='ltr'><strong><em>dita</em></strong></span> <span class='ocrx_word' id='word_1_18' title='bbox 439 863 538 926; x_wconf 79' lang='lat' dir='ltr'><strong><em>poena</em></strong></span> <span class='ocrx_word' id='word_1_19' title='bbox 558 842 758 926; x_wconf 86' lang='lat' dir='ltr'><strong><em>supplicium.</em></strong></span> <span class='ocrx_word' id='word_1_20' title='bbox 782 842 1001 906; x_wconf 83' lang='lat' dir='ltr'><strong><em>Sustineomus</em></strong></span> <span class='ocrx_word' id='word_1_21' title='bbox 1013 841 1066 905; x_wconf 88' lang='lat' dir='ltr'><strong><em>bic</em></strong></span> <span class='ocrx_word' id='word_1_22' title='bbox 1075 862 1142 925; x_wconf 89' lang='lat' dir='ltr'><strong><em>pro</em></strong></span> <span class='ocrx_word' id='word_1_23' title='bbox 1158 840 1278 907; x_wconf 78' lang='lat' dir='ltr'><strong><em>Obrialo</em></strong></span> <span class='ocrx_word' id='word_1_24' title='bbox 1290 842 1376 907; x_wconf 76' lang='lat' dir='ltr'><strong><em>mdiu</em></strong></span> 
     </span>
     <span class='ocr_line' id='line_1_6' title="bbox 352 939 1378 1026; baseline 0.001 -22"><span class='ocrx_word' id='word_1_25' title='bbox 352 941 531 1025; x_wconf 85' lang='lat' dir='ltr'><strong><em>opprobrio,</em></strong></span> <span class='ocrx_word' id='word_1_26' title='bbox 546 949 580 1005; x_wconf 89' lang='lat' dir='ltr'><strong><em>ul</em></strong></span> <span class='ocrx_word' id='word_1_27' title='bbox 589 941 628 1004; x_wconf 86' lang='lat' dir='ltr'><strong><em>ab</em></strong></span> <span class='ocrx_word' id='word_1_28' title='bbox 641 942 709 1025; x_wconf 85' lang='lat' dir='ltr'><strong><em>ipso</em></strong></span> <span class='ocrx_word' id='word_1_29' title='bbox 724 942 757 1004; x_wconf 90' lang='lat' dir='ltr'><strong><em>in</em></strong></span> <span class='ocrx_word' id='word_1_30' title='bbox 769 940 882 1023; x_wconf 82' lang='lat' dir='ltr'><strong><em>futuro</em></strong></span> <span class='ocrx_word' id='word_1_31' title='bbox 895 939 1108 1022; x_wconf 81' lang='lat' dir='ltr'><strong><em>indeficientia</em></strong></span> <span class='ocrx_word' id='word_1_32' title='bbox 1117 942 1378 1026; x_wconf 78' lang='lat' dir='ltr'><strong><em>srucipiomuspon-</em></strong></span> 
     </span>
     <span class='ocr_line' id='line_1_7' title="bbox 351 1039 1380 1125; baseline 0.001 -22"><span class='ocrx_word' id='word_1_33' title='bbox 351 1039 502 1104; x_wconf 63' lang='lat' dir='ltr'><strong><em>dia-lom</em></strong></span> <span class='ocrx_word' id='word_1_34' title='bbox 513 1039 657 1122; x_wconf 76' lang='lat' dir='ltr'><strong><em>carnifex</em></strong></span> <span class='ocrx_word' id='word_1_35' title='bbox 668 1047 809 1104; x_wconf 85' lang='lat' dir='ltr'><strong><em>nostram</em></strong></span> <span class='ocrx_word' id='word_1_36' title='bbox 822 1039 932 1103; x_wconf 67' lang='lat' dir='ltr'><strong><em>mirelit</em></strong></span> <span class='ocrx_word' id='word_1_37' title='bbox 942 1059 1075 1103; x_wconf 88' lang='lat' dir='ltr'><strong><em>causam</em></strong></span> <span class='ocrx_word' id='word_1_38' title='bbox 1078 1039 1199 1123; x_wconf 84' lang='lat' dir='ltr'><strong><em>judici,</em></strong></span> <span class='ocrx_word' id='word_1_39' title='bbox 1203 1040 1322 1125; x_wconf 73' lang='lat' dir='ltr'><strong><em>juniora</em></strong></span> <span class='ocrx_word' id='word_1_40' title='bbox 1325 1061 1380 1125; x_wconf 84' lang='lat' dir='ltr'><strong><em>pro·</em></strong></span> 
     </span>
     <span class='ocr_line' id='line_1_8' title="bbox 353 1137 1382 1223; baseline 0.003 -22"><span class='ocrx_word' id='word_1_41' title='bbox 353 1138 543 1202; x_wconf 82' lang='lat' dir='ltr'><strong><em>clamabitur</em></strong></span> <span class='ocrx_word' id='word_1_42' title='bbox 553 1137 837 1223; x_wconf 83' lang='lat' dir='ltr'><strong><em>sententiapnblica</em></strong></span> <span class='ocrx_word' id='word_1_43' title='bbox 849 1145 882 1201; x_wconf 90' lang='lat' dir='ltr'><strong><em>ut</em></strong></span> <span class='ocrx_word' id='word_1_44' title='bbox 893 1145 1057 1223; x_wconf 71' lang='lat' dir='ltr'><strong><em>tanlquam</em></strong></span> <span class='ocrx_word' id='word_1_45' title='bbox 1067 1140 1116 1202; x_wconf 88' lang='lat' dir='ltr'><strong><em>rei</em></strong></span> <span class='ocrx_word' id='word_1_46' title='bbox 1126 1137 1382 1222; x_wconf 82' lang='lat' dir='ltr'><strong><em>uindicepereonts</em></strong></span> 
     </span>
     <span class='ocr_line' id='line_1_9' title="bbox 351 1236 1384 1321; baseline 0.001 -19"><span class='ocrx_word' id='word_1_47' title='bbox 351 1237 449 1320; x_wconf 82' lang='lat' dir='ltr'><strong><em>ferro.</em></strong></span> <span class='ocrx_word' id='word_1_48' title='bbox 473 1239 626 1318; x_wconf 78' lang='lat' dir='ltr'><strong><em>Quocirca</em></strong></span> <span class='ocrx_word' id='word_1_49' title='bbox 648 1244 764 1301; x_wconf 89' lang='lat' dir='ltr'><strong><em>stemus</em></strong></span> <span class='ocrx_word' id='word_1_50' title='bbox 786 1237 945 1321; x_wconf 84' lang='lat' dir='ltr'><strong><em>intrepidi,</em></strong></span> <span class='ocrx_word' id='word_1_51' title='bbox 966 1237 1013 1300; x_wconf 88' lang='lat' dir='ltr'><strong><em>nil</em></strong></span> <span class='ocrx_word' id='word_1_52' title='bbox 1027 1244 1196 1302; x_wconf 72' lang='lat' dir='ltr'><strong><em>marcentes</em></strong></span> <span class='ocrx_word' id='word_1_53' title='bbox 1212 1258 1273 1321; x_wconf 85' lang='lat' dir='ltr'><strong><em>pro</em></strong></span> <span class='ocrx_word' id='word_1_54' title='bbox 1292 1236 1384 1303; x_wconf 74' lang='lat' dir='ltr'><strong><em>Christo</em></strong></span> 
     </span>
     <span class='ocr_line' id='line_1_10' title="bbox 354 1334 1384 1421; baseline 0 -22"><span class='ocrx_word' id='word_1_55' title='bbox 354 1338 481 1400; x_wconf 88' lang='lat' dir='ltr'><strong><em>animas</em></strong></span> <span class='ocrx_word' id='word_1_56' title='bbox 487 1356 613 1420; x_wconf 85' lang='lat' dir='ltr'><strong><em>ponere,</em></strong></span> <span class='ocrx_word' id='word_1_57' title='bbox 625 1338 777 1421; x_wconf 83' lang='lat' dir='ltr'><strong><em>quoniam</em></strong></span> <span class='ocrx_word' id='word_1_58' title='bbox 792 1337 855 1419; x_wconf 90' lang='lat' dir='ltr'><strong><em>ipse</em></strong></span> <span class='ocrx_word' id='word_1_59' title='bbox 867 1356 931 1420; x_wconf 88' lang='lat' dir='ltr'><strong><em>pro</em></strong></span> <span class='ocrx_word' id='word_1_60' title='bbox 941 1335 1029 1399; x_wconf 88' lang='lat' dir='ltr'><strong><em>nobis</em></strong></span> <span class='ocrx_word' id='word_1_61' title='bbox 1044 1337 1191 1400; x_wconf 84' lang='lat' dir='ltr'><strong><em>orrimom</em></strong></span> <span class='ocrx_word' id='word_1_62' title='bbox 1200 1338 1311 1420; x_wconf 83' lang='lat' dir='ltr'><strong><em>posuit.</em></strong></span> <span class='ocrx_word' id='word_1_63' title='bbox 1322 1334 1384 1415; x_wconf 76' lang='lat' dir='ltr'><strong><em>Quoi</em></strong></span> 
     </span>
     <span class='ocr_line' id='line_1_11' title="bbox 355 1434 1385 1521; baseline 0 -22"><span class='ocrx_word' id='word_1_64' title='bbox 355 1438 383 1500; x_wconf 89' lang='lat' dir='ltr'><strong><em>si</em></strong></span> <span class='ocrx_word' id='word_1_65' title='bbox 404 1435 448 1499; x_wconf 88' lang='lat' dir='ltr'><strong><em>ad</em></strong></span> <span class='ocrx_word' id='word_1_66' title='bbox 479 1435 636 1498; x_wconf 88' lang='lat' dir='ltr'><strong><em>modicum</em></strong></span> <span class='ocrx_word' id='word_1_67' title='bbox 661 1435 874 1519; x_wconf 86' lang='lat' dir='ltr'><strong><em>subjiciuntur</em></strong></span> <span class='ocrx_word' id='word_1_68' title='bbox 901 1455 1009 1518; x_wconf 79' lang='lat' dir='ltr'><strong><em>poerra,</em></strong></span> <span class='ocrx_word' id='word_1_69' title='bbox 1034 1434 1240 1521; x_wconf 68' lang='lat' dir='ltr'><strong><em>mcekretque</em></strong></span> <span class='ocrx_word' id='word_1_70' title='bbox 1263 1443 1385 1519; x_wconf 72' lang='lat' dir='ltr'><strong><em>tmannu</em></strong></span> 
     </span>
     <span class='ocr_line' id='line_1_12' title="bbox 356 1533 1386 1618; baseline -0.001 -20"><span class='ocrx_word' id='word_1_71' title='bbox 356 1541 468 1598; x_wconf 79' lang='lat' dir='ltr'><strong><em>nostra</em></strong></span> <span class='ocrx_word' id='word_1_72' title='bbox 479 1537 585 1598; x_wconf 75' lang='lat' dir='ltr'><strong><em>carreis</em></strong></span> <span class='ocrx_word' id='word_1_73' title='bbox 597 1541 693 1616; x_wconf 82' lang='lat' dir='ltr'><strong><em>testor,</em></strong></span> <span class='ocrx_word' id='word_1_74' title='bbox 705 1534 856 1618; x_wconf 82' lang='lat' dir='ltr'><strong><em>siquidem</em></strong></span> <span class='ocrx_word' id='word_1_75' title='bbox 868 1534 969 1597; x_wconf 90' lang='lat' dir='ltr'><strong><em>aderit</em></strong></span> <span class='ocrx_word' id='word_1_76' title='bbox 986 1533 1144 1616; x_wconf 78' lang='lat' dir='ltr'><strong><em>Christus,</em></strong></span> <span class='ocrx_word' id='word_1_77' title='bbox 1158 1541 1330 1598; x_wconf 83' lang='lat' dir='ltr'><strong><em>rrostrornm</em></strong></span> <span class='ocrx_word' id='word_1_78' title='bbox 1338 1534 1386 1597; x_wconf 81' lang='lat' dir='ltr'><strong><em>oni</em></strong></span> 
     </span>
     <span class='ocr_line' id='line_1_13' title="bbox 356 1632 1388 1718; baseline 0.001 -22"><span class='ocrx_word' id='word_1_79' title='bbox 356 1654 483 1697; x_wconf 89' lang='lat' dir='ltr'><strong><em>marum</em></strong></span> <span class='ocrx_word' id='word_1_80' title='bbox 511 1632 664 1715; x_wconf 82' lang='lat' dir='ltr'><strong><em>defensor.</em></strong></span> <span class='ocrx_word' id='word_1_81' title='bbox 688 1633 837 1716; x_wconf 79' lang='lat' dir='ltr'><strong><em>Sufficiat</em></strong></span> <span class='ocrx_word' id='word_1_82' title='bbox 860 1632 943 1717; x_wconf 82' lang='lat' dir='ltr'><strong><em>quod</em></strong></span> <span class='ocrx_word' id='word_1_83' title='bbox 963 1632 1122 1718; x_wconf 85' lang='lat' dir='ltr'><strong><em>bucusque</em></strong></span> <span class='ocrx_word' id='word_1_84' title='bbox 1146 1634 1214 1697; x_wconf 86' lang='lat' dir='ltr'><strong><em>luce</em></strong></span> <span class='ocrx_word' id='word_1_85' title='bbox 1234 1635 1282 1698; x_wconf 85' lang='lat' dir='ltr'><strong><em>usi</em></strong></span> <span class='ocrx_word' id='word_1_86' title='bbox 1297 1634 1388 1716; x_wconf 70' lang='lat' dir='ltr'><strong><em>fuinu</em></strong></span> 
     </span>
     <span class='ocr_line' id='line_1_14' title="bbox 356 1731 1388 1816; baseline -0.001 -20"><span class='ocrx_word' id='word_1_87' title='bbox 356 1733 535 1816; x_wconf 65' lang='lat' dir='ltr'><strong><em>tenporali·</em></strong></span> <span class='ocrx_word' id='word_1_88' title='bbox 546 1731 656 1795; x_wconf 81' lang='lat' dir='ltr'><strong><em>(lebinc</em></strong></span> <span class='ocrx_word' id='word_1_89' title='bbox 663 1732 736 1815; x_wconf 81' lang='lat' dir='ltr'><strong><em>frui</em></strong></span> <span class='ocrx_word' id='word_1_90' title='bbox 747 1731 913 1796; x_wconf 79' lang='lat' dir='ltr'><strong><em>valebimus</em></strong></span> <span class='ocrx_word' id='word_1_91' title='bbox 924 1732 1044 1813; x_wconf 84' lang='lat' dir='ltr'><strong><em>calesti,</em></strong></span> <span class='ocrx_word' id='word_1_92' title='bbox 1051 1733 1081 1795; x_wconf 88' lang='lat' dir='ltr'><strong><em>si</em></strong></span> <span class='ocrx_word' id='word_1_93' title='bbox 1087 1732 1215 1816; x_wconf 80' lang='lat' dir='ltr'><strong><em>quidem</em></strong></span> <span class='ocrx_word' id='word_1_94' title='bbox 1220 1731 1293 1815; x_wconf 82' lang='lat' dir='ltr'><strong><em>finis</em></strong></span> <span class='ocrx_word' id='word_1_95' title='bbox 1302 1751 1388 1795; x_wconf 80' lang='lat' dir='ltr'><strong><em>maa·</em></strong></span> 
     </span>
     <span class='ocr_line' id='line_1_15' title="bbox 356 1830 1390 1914; baseline 0 -19"><span class='ocrx_word' id='word_1_96' title='bbox 356 1833 432 1895; x_wconf 87' lang='lat' dir='ltr'><strong><em>serit</em></strong></span> <span class='ocrx_word' id='word_1_97' title='bbox 446 1833 627 1895; x_wconf 70' lang='lat' dir='ltr'><strong><em>constantia</em></strong></span> <span class='ocrx_word' id='word_1_98' title='bbox 645 1830 730 1914; x_wconf 76' lang='lat' dir='ltr'><strong><em>fidei.</em></strong></span> <span class='ocrx_word' id='word_1_99' title='bbox 750 1830 884 1895; x_wconf 85' lang='lat' dir='ltr'><strong><em>Talibus</em></strong></span> <span class='ocrx_word' id='word_1_100' title='bbox 904 1830 1024 1894; x_wconf 85' lang='lat' dir='ltr'><strong><em>firmali</em></strong></span> <span class='ocrx_word' id='word_1_101' title='bbox 1038 1831 1315 1897; x_wconf 82' lang='lat' dir='ltr'><strong><em>exhortationibus</em></strong></span> <span class='ocrx_word' id='word_1_102' title='bbox 1331 1849 1390 1895; x_wconf 71' lang='lat' dir='ltr'><strong><em>una</em></strong></span> 
     </span>
     <span class='ocr_line' id='line_1_16' title="bbox 356 1930 1389 2013; baseline -0.001 -19"><span class='ocrx_word' id='word_1_103' title='bbox 356 1931 460 1994; x_wconf 79' lang='lat' dir='ltr'><strong><em>ninres</em></strong></span> <span class='ocrx_word' id='word_1_104' title='bbox 475 1930 636 2012; x_wconf 90' lang='lat' dir='ltr'><strong><em>spondent</em></strong></span> <span class='ocrx_word' id='word_1_105' title='bbox 650 1930 734 1995; x_wconf 89' lang='lat' dir='ltr'><strong><em>uitro</em></strong></span> <span class='ocrx_word' id='word_1_106' title='bbox 749 1930 934 1995; x_wconf 75' lang='lat' dir='ltr'><strong><em>idolatriam</em></strong></span> <span class='ocrx_word' id='word_1_107' title='bbox 951 1949 1108 2011; x_wconf 86' lang='lat' dir='ltr'><strong><em>respuere</em></strong></span> <span class='ocrx_word' id='word_1_108' title='bbox 1123 1949 1300 2013; x_wconf 80' lang='lat' dir='ltr'><strong><em>veramque</em></strong></span> <span class='ocrx_word' id='word_1_109' title='bbox 1318 1931 1389 1995; x_wconf 81' lang='lat' dir='ltr'><strong><em>fidem</em></strong></span> 
     </span>
     <span class='ocr_line' id='line_1_17' title="bbox 356 2029 735 2094; baseline -0.005 0"><span class='ocrx_word' id='word_1_110' title='bbox 356 2029 581 2094; x_wconf 84' lang='lat' dir='ltr'><strong><em>inviolabiliter</em></strong></span> <span class='ocrx_word' id='word_1_111' title='bbox 595 2047 735 2093; x_wconf 88' lang='lat' dir='ltr'><strong><em>servare.</em></strong></span> 
     </span>
    </p>

    <p class='ocr_par' dir='ltr' id='par_1_3' title="bbox 316 2127 1423 3693">
     <span class='ocr_line' id='line_1_18' title="bbox 316 2127 1390 2211; baseline -0.003 -19"><span class='ocrx_word' id='word_1_112' title='bbox 316 2129 402 2193; x_wconf 89' lang='lat' dir='ltr'><strong><em>Inter</em></strong></span> <span class='ocrx_word' id='word_1_113' title='bbox 415 2128 486 2192; x_wconf 75' lang='lat' dir='ltr'><strong><em>haec</em></strong></span> <span class='ocrx_word' id='word_1_114' title='bbox 500 2128 617 2210; x_wconf 83' lang='lat' dir='ltr'><strong><em>legatio</em></strong></span> <span class='ocrx_word' id='word_1_115' title='bbox 633 2128 778 2210; x_wconf 75' lang='lat' dir='ltr'><strong><em>dirigitur</em></strong></span> <span class='ocrx_word' id='word_1_116' title='bbox 790 2128 902 2192; x_wconf 90' lang='lat' dir='ltr'><strong><em>ceteris</em></strong></span> <span class='ocrx_word' id='word_1_117' title='bbox 913 2147 987 2210; x_wconf 86' lang='lat' dir='ltr'><strong><em>quse</em></strong></span> <span class='ocrx_word' id='word_1_118' title='bbox 1001 2128 1118 2193; x_wconf 88' lang='lat' dir='ltr'><strong><em>beatos</em></strong></span> <span class='ocrx_word' id='word_1_119' title='bbox 1133 2131 1290 2211; x_wconf 80' lang='lat' dir='ltr'><strong><em>martyres</em></strong></span> <span class='ocrx_word' id='word_1_120' title='bbox 1303 2127 1390 2190; x_wconf 88' lang='lat' dir='ltr'><strong><em>iterun</em></strong></span> 
     </span>
     <span class='ocr_line' id='line_1_19' title="bbox 358 2224 1389 2310; baseline -0.003 -19"><span class='ocrx_word' id='word_1_121' title='bbox 358 2227 528 2291; x_wconf 87' lang='lat' dir='ltr'><strong><em>denuntiat</em></strong></span> <span class='ocrx_word' id='word_1_122' title='bbox 555 2227 781 2310; x_wconf 82' lang='lat' dir='ltr'><strong><em>conspectibus</em></strong></span> <span class='ocrx_word' id='word_1_123' title='bbox 816 2227 937 2291; x_wconf 86' lang='lat' dir='ltr'><strong><em>debere</em></strong></span> <span class='ocrx_word' id='word_1_124' title='bbox 963 2225 1156 2291; x_wconf 71' lang='lat' dir='ltr'><strong><em>Diocletiani</em></strong></span> <span class='ocrx_word' id='word_1_125' title='bbox 1188 2224 1389 2308; x_wconf 83' lang='lat' dir='ltr'><strong><em>repraeseutui</em></strong></span> 
     </span>
     <span class='ocr_line' id='line_1_20' title="bbox 358 2321 1388 2407; baseline -0.008 -18"><span class='ocrx_word' id='word_1_126' title='bbox 358 2324 446 2403; x_wconf 90' lang='lat' dir='ltr'><strong><em>Quos</em></strong></span> <span class='ocrx_word' id='word_1_127' title='bbox 478 2327 633 2407; x_wconf 85' lang='lat' dir='ltr'><strong><em>tyranuus</em></strong></span> <span class='ocrx_word' id='word_1_128' title='bbox 659 2325 783 2402; x_wconf 69' lang='lat' dir='ltr'><strong><em>videns</em></strong></span> <span class='ocrx_word' id='word_1_129' title='bbox 812 2323 978 2388; x_wconf 82' lang='lat' dir='ltr'><strong><em>intremuit</em></strong></span> <span class='ocrx_word' id='word_1_130' title='bbox 1002 2324 1115 2389; x_wconf 89' lang='lat' dir='ltr'><strong><em>dicens</em></strong></span> <span class='ocrx_word' id='word_1_131' title='bbox 1142 2347 1150 2388; x_wconf 92' lang='lat'><strong>:</strong></span> <span class='ocrx_word' id='word_1_132' title='bbox 1181 2321 1388 2405; x_wconf 69' lang='lat' dir='ltr'><strong><em>(lamoniam</em></strong></span> 
     </span>
     <span class='ocr_line' id='line_1_21' title="bbox 354 2419 1387 2508; baseline -0.005 -22"><span class='ocrx_word' id='word_1_133' title='bbox 354 2424 502 2508; x_wconf 78' lang='lat' dir='ltr'><strong><em>pervertit</em></strong></span> <span class='ocrx_word' id='word_1_134' title='bbox 522 2443 647 2486; x_wconf 78' lang='lat' dir='ltr'><strong><em>senatun</em></strong></span> <span class='ocrx_word' id='word_1_135' title='bbox 669 2429 812 2504; x_wconf 83' lang='lat' dir='ltr'><strong><em>oestrum,</em></strong></span> <span class='ocrx_word' id='word_1_136' title='bbox 835 2425 910 2507; x_wconf 84' lang='lat' dir='ltr'><strong><em>quia</em></strong></span> <span class='ocrx_word' id='word_1_137' title='bbox 931 2424 966 2485; x_wconf 91' lang='lat' dir='ltr'><strong><em>in</em></strong></span> <span class='ocrx_word' id='word_1_138' title='bbox 987 2421 1104 2485; x_wconf 87' lang='lat' dir='ltr'><strong><em>talibus</em></strong></span> <span class='ocrx_word' id='word_1_139' title='bbox 1123 2422 1314 2486; x_wconf 81' lang='lat' dir='ltr'><strong><em>delectamini</em></strong></span> <span class='ocrx_word' id='word_1_140' title='bbox 1324 2419 1387 2482; x_wconf 78' lang='lat' dir='ltr'><strong><em>oeni</em></strong></span> 
     </span>
     <span class='ocr_line' id='line_1_22' title="bbox 359 2517 1386 2604; baseline -0.008 -18"><span class='ocrx_word' id='word_1_141' title='bbox 359 2521 500 2586; x_wconf 81' lang='lat' dir='ltr'><strong><em>tatibus?</em></strong></span> <span class='ocrx_word' id='word_1_142' title='bbox 512 2521 624 2585; x_wconf 90' lang='lat' dir='ltr'><strong><em>Nonne</em></strong></span> <span class='ocrx_word' id='word_1_143' title='bbox 638 2523 739 2584; x_wconf 86' lang='lat' dir='ltr'><strong><em>satius</em></strong></span> <span class='ocrx_word' id='word_1_144' title='bbox 758 2521 871 2604; x_wconf 79' lang='lat' dir='ltr'><strong><em>suisset</em></strong></span> <span class='ocrx_word' id='word_1_145' title='bbox 885 2523 918 2584; x_wconf 89' lang='lat' dir='ltr'><strong><em>in</em></strong></span> <span class='ocrx_word' id='word_1_146' title='bbox 933 2523 1035 2584; x_wconf 79' lang='lat' dir='ltr'><strong><em>armis</em></strong></span> <span class='ocrx_word' id='word_1_147' title='bbox 1049 2521 1190 2585; x_wconf 87' lang='lat' dir='ltr'><strong><em>militare</em></strong></span> <span class='ocrx_word' id='word_1_148' title='bbox 1201 2517 1386 2604; x_wconf 75' lang='lat' dir='ltr'><strong><em>imperatorii,</em></strong></span> 
     </span>
     <span class='ocr_line' id='line_1_23' title="bbox 359 2615 1386 2705; baseline -0.008 -21"><span class='ocrx_word' id='word_1_149' title='bbox 359 2641 454 2705; x_wconf 81' lang='lat' dir='ltr'><strong><em>quam</em></strong></span> <span class='ocrx_word' id='word_1_150' title='bbox 469 2621 672 2684; x_wconf 68' lang='lat' dir='ltr'><strong><em>indecenter*</em></strong></span> <span class='ocrx_word' id='word_1_151' title='bbox 698 2619 764 2683; x_wconf 88' lang='lat' dir='ltr'><strong><em>dies</em></strong></span> <span class='ocrx_word' id='word_1_152' title='bbox 775 2619 870 2702; x_wconf 76' lang='lat' dir='ltr'><strong><em>finire</em></strong></span> <span class='ocrx_word' id='word_1_153' title='bbox 885 2620 1010 2684; x_wconf 88' lang='lat' dir='ltr'><strong><em>ultimos</em></strong></span> <span class='ocrx_word' id='word_1_154' title='bbox 1023 2615 1386 2704; x_wconf 60' lang='lat' dir='ltr'><strong><em>cenomannorum</em></strong></span> 
     </span>
     <span class='ocr_line' id='line_1_24' title="bbox 359 2714 1423 2803; baseline -0.008 -21"><span class='ocrx_word' id='word_1_155' title='bbox 359 2719 556 2803; x_wconf 76' lang='lat' dir='ltr'><strong><em>aliorumque</em></strong></span> <span class='ocrx_word' id='word_1_156' title='bbox 577 2737 653 2802; x_wconf 80' lang='lat' dir='ltr'><strong><em>puos</em></strong></span> <span class='ocrx_word' id='word_1_157' title='bbox 668 2738 720 2780; x_wconf 84' lang='lat' dir='ltr'><strong><em>ros</em></strong></span> <span class='ocrx_word' id='word_1_158' title='bbox 741 2725 898 2801; x_wconf 79' lang='lat' dir='ltr'><strong><em>martyres</em></strong></span> <span class='ocrx_word' id='word_1_159' title='bbox 912 2716 1027 2798; x_wconf 85' lang='lat' dir='ltr'><strong><em>dicitis,</em></strong></span> <span class='ocrx_word' id='word_1_160' title='bbox 1049 2716 1176 2780; x_wconf 74' lang='lat' dir='ltr'><strong><em>seducit</em></strong></span> <span class='ocrx_word' id='word_1_161' title='bbox 1190 2724 1227 2780; x_wconf 82' lang='lat' dir='ltr'><strong><em>te.</em></strong></span> <span class='ocrx_word' id='word_1_162' title='bbox 1241 2714 1298 2778; x_wconf 85' lang='lat' dir='ltr'><strong><em>Sed</em></strong></span> <span class='ocrx_word' id='word_1_163' title='bbox 1313 2715 1385 2776; x_wconf 86' lang='lat' dir='ltr'><strong><em>miror</em></strong></span> <span class='ocrx_word' id='word_1_164' title='bbox 1419 2728 1423 2739; x_wconf 70' lang='lat'><strong><em>⁴</em></strong></span> 
     </span>
     <span class='ocr_line' id='line_1_25' title="bbox 360 2810 1423 2904; baseline -0.008 -25"><span class='ocrx_word' id='word_1_165' title='bbox 360 2818 437 2902; x_wconf 80' lang='lat' dir='ltr'><strong><em>qreid</em></strong></span> <span class='ocrx_word' id='word_1_166' title='bbox 458 2819 584 2880; x_wconf 85' lang='lat' dir='ltr'><strong><em>uirtutis</em></strong></span> <span class='ocrx_word' id='word_1_167' title='bbox 599 2816 804 2879; x_wconf 78' lang='lat' dir='ltr'><strong><em>arbitramini</em></strong></span> <span class='ocrx_word' id='word_1_168' title='bbox 827 2816 948 2904; x_wconf 82' lang='lat' dir='ltr'><strong><em>inillis,</em></strong></span> <span class='ocrx_word' id='word_1_169' title='bbox 970 2835 1047 2900; x_wconf 73' lang='lat' dir='ltr'><strong><em>arcos</em></strong></span> <span class='ocrx_word' id='word_1_170' title='bbox 1063 2817 1096 2878; x_wconf 85' lang='lat' dir='ltr'><strong><em>iu</em></strong></span> <span class='ocrx_word' id='word_1_171' title='bbox 1110 2810 1383 2899; x_wconf 70' lang='lat' dir='ltr'><strong><em>punctauloidistu,</em></strong></span> <span class='ocrx_word' id='word_1_172' title='bbox 1421 2840 1423 2889; x_wconf 78' lang='lat'><strong><em>1</em></strong></span> 
     </span>
     <span class='ocr_line' id='line_1_26' title="bbox 359 2902 1423 2997; baseline -0.008 -17"><span class='ocrx_word' id='word_1_173' title='bbox 359 2924 468 2980; x_wconf 88' lang='lat' dir='ltr'><strong><em>nostra</em></strong></span> <span class='ocrx_word' id='word_1_174' title='bbox 500 2917 664 2980; x_wconf 72' lang='lat' dir='ltr'><strong><em>‹lairereaoit</em></strong></span> <span class='ocrx_word' id='word_1_175' title='bbox 695 2917 856 2979; x_wconf 85' lang='lat' dir='ltr'><strong><em>sententia.</em></strong></span> <span class='ocrx_word' id='word_1_176' title='bbox 891 2915 1057 2979; x_wconf 86' lang='lat' dir='ltr'><strong><em>Gloriosus</em></strong></span> <span class='ocrx_word' id='word_1_177' title='bbox 1090 2918 1217 2997; x_wconf 87' lang='lat' dir='ltr'><strong><em>martyr</em></strong></span> <span class='ocrx_word' id='word_1_178' title='bbox 1245 2909 1383 2993; x_wconf 80' lang='lat' dir='ltr'><strong><em>Gorgonius</em></strong></span> <span class='ocrx_word' id='word_1_179' title='bbox 1421 2902 1423 2947; x_wconf 90' lang='lat'><strong>:</strong></span> 
     </span>
     <span class='ocr_line' id='line_1_27' title="bbox 359 2998 1423 3098; baseline -0.011 -19"><span class='ocrx_word' id='word_1_180' title='bbox 359 3016 556 3098; x_wconf 88' lang='lat' dir='ltr'><strong><em>respondit:</em></strong></span> <span class='ocrx_word' id='word_1_181' title='bbox 585 3014 671 3096; x_wconf 84' lang='lat' dir='ltr'><strong><em>Noli,</em></strong></span> <span class='ocrx_word' id='word_1_182' title='bbox 702 3016 884 3097; x_wconf 71' lang='lat' dir='ltr'><strong><em>inciperetur,</em></strong></span> <span class='ocrx_word' id='word_1_183' title='bbox 912 3020 1030 3097; x_wconf 85' lang='lat' dir='ltr'><strong><em>putore</em></strong></span> <span class='ocrx_word' id='word_1_184' title='bbox 1062 3015 1097 3075; x_wconf 91' lang='lat' dir='ltr'><strong><em>in</em></strong></span> <span class='ocrx_word' id='word_1_185' title='bbox 1128 3012 1217 3076; x_wconf 86' lang='lat' dir='ltr'><strong><em>nobis</em></strong></span> <span class='ocrx_word' id='word_1_186' title='bbox 1242 3024 1382 3096; x_wconf 79' lang='lat' dir='ltr'><strong><em>perrersun</em></strong></span> <span class='ocrx_word' id='word_1_187' title='bbox 1421 2998 1423 3007; x_wconf 78' lang='lat'>&#39;</span> 
     </span>
     <span class='ocr_line' id='line_1_28' title="bbox 358 3111 1383 3196; baseline -0.012 -19"><span class='ocrx_word' id='word_1_188' title='bbox 358 3134 421 3177; x_wconf 84' lang='lat' dir='ltr'><strong><em>esse</em></strong></span> <span class='ocrx_word' id='word_1_189' title='bbox 434 3134 569 3195; x_wconf 77' lang='lat' dir='ltr'><strong><em>sensium,</em></strong></span> <span class='ocrx_word' id='word_1_190' title='bbox 591 3134 698 3176; x_wconf 73' lang='lat' dir='ltr'><strong><em>uernum</em></strong></span> <span class='ocrx_word' id='word_1_191' title='bbox 711 3114 816 3196; x_wconf 87' lang='lat' dir='ltr'><strong><em>potius</em></strong></span> <span class='ocrx_word' id='word_1_192' title='bbox 837 3111 926 3175; x_wconf 89' lang='lat' dir='ltr'><strong><em>crede</em></strong></span> <span class='ocrx_word' id='word_1_193' title='bbox 947 3111 990 3175; x_wconf 90' lang='lat' dir='ltr'><strong><em>ad</em></strong></span> <span class='ocrx_word' id='word_1_194' title='bbox 1005 3111 1068 3175; x_wconf 89' lang='lat' dir='ltr'><strong><em>Dei</em></strong></span> <span class='ocrx_word' id='word_1_195' title='bbox 1081 3111 1320 3175; x_wconf 86' lang='lat' dir='ltr'><strong><em>misericordiam</em></strong></span> <span class='ocrx_word' id='word_1_196' title='bbox 1336 3124 1383 3167; x_wconf 84' lang='lat' dir='ltr'><strong><em>con·</em></strong></span> 
     </span>
     <span class='ocr_line' id='line_1_29' title="bbox 358 3207 1383 3295; baseline -0.012 -19"><span class='ocrx_word' id='word_1_197' title='bbox 358 3233 491 3277; x_wconf 76' lang='lat' dir='ltr'><strong><em>ceratem.</em></strong></span> <span class='ocrx_word' id='word_1_198' title='bbox 525 3212 592 3276; x_wconf 89' lang='lat' dir='ltr'><strong><em>Diu</em></strong></span> <span class='ocrx_word' id='word_1_199' title='bbox 623 3213 776 3275; x_wconf 45' lang='lat' dir='ltr'><strong><em>‘vanitates</em></strong></span> <span class='ocrx_word' id='word_1_200' title='bbox 808 3218 836 3274; x_wconf 94' lang='lat' dir='ltr'><strong><em>et</em></strong></span> <span class='ocrx_word' id='word_1_201' title='bbox 861 3231 985 3295; x_wconf 75' lang='lat' dir='ltr'><strong><em>praepete</em></strong></span> <span class='ocrx_word' id='word_1_202' title='bbox 1013 3212 1117 3293; x_wconf 84' lang='lat' dir='ltr'><strong><em>inepta</em></strong></span> <span class='ocrx_word' id='word_1_203' title='bbox 1141 3212 1236 3274; x_wconf 79' lang='lat' dir='ltr'><strong><em>secreti</em></strong></span> <span class='ocrx_word' id='word_1_204' title='bbox 1254 3207 1383 3291; x_wconf 81' lang='lat' dir='ltr'><strong><em>fuimusd</em></strong></span> 
     </span>
     <span class='ocr_line' id='line_1_30' title="bbox 357 3302 1381 3395; baseline -0.008 -20"><span class='ocrx_word' id='word_1_205' title='bbox 357 3313 485 3395; x_wconf 82' lang='lat' dir='ltr'><strong><em>frustra</em></strong></span> <span class='ocrx_word' id='word_1_206' title='bbox 517 3313 551 3374; x_wconf 88' lang='lat' dir='ltr'><strong><em>iu</em></strong></span> <span class='ocrx_word' id='word_1_207' title='bbox 580 3309 773 3374; x_wconf 78' lang='lat' dir='ltr'><strong><em>secrelaribus</em></strong></span> <span class='ocrx_word' id='word_1_208' title='bbox 800 3311 927 3392; x_wconf 79' lang='lat' dir='ltr'><strong><em>pompis</em></strong></span> <span class='ocrx_word' id='word_1_209' title='bbox 958 3309 1110 3373; x_wconf 88' lang='lat' dir='ltr'><strong><em>delectati.</em></strong></span> <span class='ocrx_word' id='word_1_210' title='bbox 1140 3308 1235 3373; x_wconf 90' lang='lat' dir='ltr'><strong><em>Nunc</em></strong></span> <span class='ocrx_word' id='word_1_211' title='bbox 1259 3313 1345 3371; x_wconf 81' lang='lat' dir='ltr'><strong><em>autern</em></strong></span> <span class='ocrx_word' id='word_1_212' title='bbox 1361 3302 1381 3362; x_wconf 79' lang='lat' dir='ltr'><strong><em>it</em></strong></span> 
     </span>
     <span class='ocr_line' id='line_1_31' title="bbox 359 3397 1382 3493; baseline -0.011 -18"><span class='ocrx_word' id='word_1_213' title='bbox 359 3411 436 3476; x_wconf 90' lang='lat' dir='ltr'><strong><em>bono</em></strong></span> <span class='ocrx_word' id='word_1_214' title='bbox 459 3412 554 3474; x_wconf 84' lang='lat' dir='ltr'><strong><em>uitam</em></strong></span> <span class='ocrx_word' id='word_1_215' title='bbox 568 3416 711 3474; x_wconf 88' lang='lat' dir='ltr'><strong><em>nostram</em></strong></span> <span class='ocrx_word' id='word_1_216' title='bbox 725 3409 874 3472; x_wconf 86' lang='lat' dir='ltr'><strong><em>deducere</em></strong></span> <span class='ocrx_word' id='word_1_217' title='bbox 894 3408 1116 3492; x_wconf 85' lang='lat' dir='ltr'><strong><em>disposuimus,</em></strong></span> <span class='ocrx_word' id='word_1_218' title='bbox 1131 3429 1228 3493; x_wconf 73' lang='lat' dir='ltr'><strong><em>meum</em></strong></span> <span class='ocrx_word' id='word_1_219' title='bbox 1242 3407 1313 3470; x_wconf 90' lang='lat' dir='ltr'><strong><em>dicis</em></strong></span> <span class='ocrx_word' id='word_1_220' title='bbox 1322 3397 1382 3485; x_wconf 72' lang='lat' dir='ltr'><strong><em>finiri</em></strong></span> 
     </span>
     <span class='ocr_line' id='line_1_32' title="bbox 359 3507 1383 3593; baseline -0.013 -19"><span class='ocrx_word' id='word_1_221' title='bbox 359 3509 613 3593; x_wconf 69' lang='lat' dir='ltr'><strong><em>inhonestaque</em></strong></span> <span class='ocrx_word' id='word_1_222' title='bbox 629 3509 768 3590; x_wconf 79' lang='lat' dir='ltr'><strong><em>erenrpla</em></strong></span> <span class='ocrx_word' id='word_1_223' title='bbox 780 3507 1019 3590; x_wconf 75' lang='lat' dir='ltr'><strong><em>precedentium</em></strong></span> <span class='ocrx_word' id='word_1_224' title='bbox 1032 3514 1166 3590; x_wconf 84' lang='lat' dir='ltr'><strong><em>patrum</em></strong></span> <span class='ocrx_word' id='word_1_225' title='bbox 1187 3513 1383 3590; x_wconf 74' lang='lat' dir='ltr'><strong><em>errortprumqm</em></strong></span> 
     </span>
     <span class='ocr_line' id='line_1_33' title="bbox 354 3606 1384 3693; baseline -0.007 -21"><span class='ocrx_word' id='word_1_226' title='bbox 354 3611 513 3693; x_wconf 77' lang='lat' dir='ltr'><strong><em>precipue</em></strong></span> <span class='ocrx_word' id='word_1_227' title='bbox 542 3609 664 3671; x_wconf 86' lang='lat' dir='ltr'><strong><em>imitari</em></strong></span> <span class='ocrx_word' id='word_1_228' title='bbox 688 3608 840 3670; x_wconf 59' lang='lat' dir='ltr'><strong><em>‘uolumus</em></strong></span> <span class='ocrx_word' id='word_1_229' title='bbox 875 3606 963 3670; x_wconf 86' lang='lat' dir='ltr'><strong><em>Nam</em></strong></span> <span class='ocrx_word' id='word_1_230' title='bbox 992 3626 1068 3690; x_wconf 82' lang='lat' dir='ltr'><strong><em>quos</em></strong></span> <span class='ocrx_word' id='word_1_231' title='bbox 1099 3606 1202 3670; x_wconf 88' lang='lat' dir='ltr'><strong><em>credis</em></strong></span> <span class='ocrx_word' id='word_1_232' title='bbox 1233 3607 1384 3668; x_wconf 74' lang='lat' dir='ltr'><strong><em>inimemortt</em></strong></span> 
     </span>
    </p>

    <p class='ocr_par' dir='ltr' id='par_1_4' title="bbox 279 3705 1404 4385">
     <span class='ocr_line' id='line_1_34' title="bbox 279 3705 1386 3790; baseline -0.006 -18"><span class='ocrx_word' id='word_1_233' title='bbox 279 3732 282 3739; x_wconf 93' lang='lat'>·</span> <span class='ocrx_word' id='word_1_234' title='bbox 359 3709 537 3790; x_wconf 81' lang='lat' dir='ltr'><strong><em>clanmasse,</em></strong></span> <span class='ocrx_word' id='word_1_235' title='bbox 552 3709 627 3770; x_wconf 85' lang='lat' dir='ltr'><strong><em>scito</em></strong></span> <span class='ocrx_word' id='word_1_236' title='bbox 643 3727 706 3790; x_wconf 84' lang='lat' dir='ltr'><strong><em>pro</em></strong></span> <span class='ocrx_word' id='word_1_237' title='bbox 728 3713 807 3769; x_wconf 89' lang='lat' dir='ltr'><strong><em>certo</em></strong></span> <span class='ocrx_word' id='word_1_238' title='bbox 822 3706 1010 3769; x_wconf 77' lang='lat' dir='ltr'><strong><em>eternaliter</em></strong></span> <span class='ocrx_word' id='word_1_239' title='bbox 1026 3707 1137 3780; x_wconf 68' lang='lat' dir='ltr'><strong><em>cicera·</em></strong></span> <span class='ocrx_word' id='word_1_240' title='bbox 1152 3705 1328 3789; x_wconf 79' lang='lat' dir='ltr'><strong><em>illorumque</em></strong></span> <span class='ocrx_word' id='word_1_241' title='bbox 1337 3716 1386 3784; x_wconf 75' lang='lat' dir='ltr'><strong><em>prl-</em></strong></span> 
     </span>
     <span class='ocr_line' id='line_1_35' title="bbox 360 3801 1388 3889; baseline -0.011 -18"><span class='ocrx_word' id='word_1_242' title='bbox 360 3809 457 3872; x_wconf 88' lang='lat' dir='ltr'><strong><em>tiosus</em></strong></span> <span class='ocrx_word' id='word_1_243' title='bbox 472 3808 572 3871; x_wconf 80' lang='lat' dir='ltr'><strong><em>celires</em></strong></span> <span class='ocrx_word' id='word_1_244' title='bbox 588 3813 676 3869; x_wconf 80' lang='lat' dir='ltr'><strong><em>trram</em></strong></span> <span class='ocrx_word' id='word_1_245' title='bbox 691 3807 824 3889; x_wconf 87' lang='lat' dir='ltr'><strong><em>parauit</em></strong></span> <span class='ocrx_word' id='word_1_246' title='bbox 840 3805 1087 3887; x_wconf 68' lang='lat' dir='ltr'><strong><em>interamnensi</em></strong></span> <span class='ocrx_word' id='word_1_247' title='bbox 1102 3803 1273 3868; x_wconf 85' lang='lat' dir='ltr'><strong><em>credideris</em></strong></span> <span class='ocrx_word' id='word_1_248' title='bbox 1285 3801 1388 3866; x_wconf 81' lang='lat' dir='ltr'><strong><em>saluata·</em></strong></span> 
     </span>
     <span class='ocr_line' id='line_1_36' title="bbox 362 3900 1392 3970; baseline -0.01 0"><span class='ocrx_word' id='word_1_249' title='bbox 362 3928 425 3970; x_wconf 88' lang='lat' dir='ltr'><strong><em>rem</em></strong></span> <span class='ocrx_word' id='word_1_250' title='bbox 442 3905 554 3970; x_wconf 77' lang='lat' dir='ltr'><strong><em>eiciendi</em></strong></span> <span class='ocrx_word' id='word_1_251' title='bbox 575 3905 760 3969; x_wconf 87' lang='lat' dir='ltr'><strong><em>Domirmm.</em></strong></span> <span class='ocrx_word' id='word_1_252' title='bbox 776 3904 993 3969; x_wconf 85' lang='lat' dir='ltr'><strong><em>Diocletianus</em></strong></span> <span class='ocrx_word' id='word_1_253' title='bbox 1008 3904 1107 3967; x_wconf 80' lang='lat' dir='ltr'><strong><em>dixit:</em></strong></span> <span class='ocrx_word' id='word_1_254' title='bbox 1122 3902 1222 3967; x_wconf 89' lang='lat' dir='ltr'><strong><em>Nobis</em></strong></span> <span class='ocrx_word' id='word_1_255' title='bbox 1236 3900 1392 3967; x_wconf 78' lang='lat' dir='ltr'><strong><em>corruentiu-</em></strong></span> 
     </span>
     <span class='ocr_line' id='line_1_37' title="bbox 361 3997 1395 4088; baseline -0.008 -20"><span class='ocrx_word' id='word_1_256' title='bbox 361 4005 443 4069; x_wconf 84' lang='lat' dir='ltr'><strong><em>tibns</em></strong></span> <span class='ocrx_word' id='word_1_257' title='bbox 464 4005 544 4068; x_wconf 82' lang='lat' dir='ltr'><strong><em>tolia</em></strong></span> <span class='ocrx_word' id='word_1_258' title='bbox 564 4005 691 4088; x_wconf 84' lang='lat' dir='ltr'><strong><em>potestis</em></strong></span> <span class='ocrx_word' id='word_1_259' title='bbox 705 4003 852 4086; x_wconf 86' lang='lat' dir='ltr'><strong><em>objicere;</em></strong></span> <span class='ocrx_word' id='word_1_260' title='bbox 873 4023 921 4066; x_wconf 82' lang='lat' dir='ltr'><strong><em>ene</em></strong></span> <span class='ocrx_word' id='word_1_261' title='bbox 935 4010 1039 4066; x_wconf 85' lang='lat' dir='ltr'><strong><em>autem</em></strong></span> <span class='ocrx_word' id='word_1_262' title='bbox 1054 4004 1088 4065; x_wconf 86' lang='lat' dir='ltr'><strong><em>in</em></strong></span> <span class='ocrx_word' id='word_1_263' title='bbox 1109 4001 1227 4066; x_wconf 86' lang='lat' dir='ltr'><strong><em>talibus</em></strong></span> <span class='ocrx_word' id='word_1_264' title='bbox 1241 4002 1286 4065; x_wconf 86' lang='lat' dir='ltr'><strong><em>nil</em></strong></span> <span class='ocrx_word' id='word_1_265' title='bbox 1295 3997 1395 4085; x_wconf 82' lang='lat' dir='ltr'><strong><em>prodat</em></strong></span> 
     </span>
     <span class='ocr_line' id='line_1_38' title="bbox 361 4099 1399 4188; baseline -0.007 -19"><span class='ocrx_word' id='word_1_266' title='bbox 361 4106 493 4185; x_wconf 77' lang='lat' dir='ltr'><strong><em>irrorari,</em></strong></span> <span class='ocrx_word' id='word_1_267' title='bbox 508 4105 657 4188; x_wconf 75' lang='lat' dir='ltr'><strong><em>quondam</em></strong></span> <span class='ocrx_word' id='word_1_268' title='bbox 670 4124 690 4165; x_wconf 91' lang='lat' dir='ltr'><strong><em>a</em></strong></span> <span class='ocrx_word' id='word_1_269' title='bbox 705 4110 803 4166; x_wconf 85' lang='lat' dir='ltr'><strong><em>oestro</em></strong></span> <span class='ocrx_word' id='word_1_270' title='bbox 814 4122 919 4166; x_wconf 89' lang='lat' dir='ltr'><strong><em>errore</em></strong></span> <span class='ocrx_word' id='word_1_271' title='bbox 930 4102 1018 4186; x_wconf 86' lang='lat' dir='ltr'><strong><em>lonpe</em></strong></span> <span class='ocrx_word' id='word_1_272' title='bbox 1029 4101 1067 4184; x_wconf 76' lang='lat' dir='ltr'><strong><em>fil</em></strong></span> <span class='ocrx_word' id='word_1_273' title='bbox 1081 4103 1210 4165; x_wconf 75' lang='lat' dir='ltr'><strong><em>artimus</em></strong></span> <span class='ocrx_word' id='word_1_274' title='bbox 1220 4122 1314 4165; x_wconf 73' lang='lat' dir='ltr'><strong><em>ruera.</em></strong></span> <span class='ocrx_word' id='word_1_275' title='bbox 1324 4099 1399 4182; x_wconf 78' lang='lat' dir='ltr'><strong><em>igitur</em></strong></span> 
     </span>
     <span class='ocr_line' id='line_1_39' title="bbox 361 4199 1404 4278; baseline -0.005 -10"><span class='ocrx_word' id='word_1_276' title='bbox 361 4204 421 4269; x_wconf 88' lang='lat' dir='ltr'><strong><em>illis</em></strong></span> <span class='ocrx_word' id='word_1_277' title='bbox 436 4204 543 4268; x_wconf 88' lang='lat' dir='ltr'><strong><em>adhuc</em></strong></span> <span class='ocrx_word' id='word_1_278' title='bbox 553 4202 778 4267; x_wconf 88' lang='lat' dir='ltr'><strong><em>recusantibus</em></strong></span> <span class='ocrx_word' id='word_1_279' title='bbox 789 4202 890 4265; x_wconf 87' lang='lat' dir='ltr'><strong><em>iratus</em></strong></span> <span class='ocrx_word' id='word_1_280' title='bbox 903 4201 1131 4278; x_wconf 84' lang='lat' dir='ltr'><strong><em>Diocletianus,</em></strong></span> <span class='ocrx_word' id='word_1_281' title='bbox 1143 4200 1188 4265; x_wconf 89' lang='lat' dir='ltr'><strong><em>ad</em></strong></span> <span class='ocrx_word' id='word_1_282' title='bbox 1199 4199 1404 4266; x_wconf 84' lang='lat' dir='ltr'><strong><em>decollandum</em></strong></span> 
     </span>
     <span class='ocr_line' id='line_1_40' title="bbox 362 4301 883 4385; baseline -0.006 -18"><span class='ocrx_word' id='word_1_283' title='bbox 362 4323 418 4367; x_wconf 90' lang='lat' dir='ltr'><strong><em>cos</em></strong></span> <span class='ocrx_word' id='word_1_284' title='bbox 437 4303 511 4368; x_wconf 91' lang='lat' dir='ltr'><strong><em>duci</em></strong></span> <span class='ocrx_word' id='word_1_285' title='bbox 522 4302 619 4385; x_wconf 73' lang='lat' dir='ltr'><strong><em>Jussit</em></strong></span> <span class='ocrx_word' id='word_1_286' title='bbox 634 4322 654 4366; x_wconf 91' lang='lat' dir='ltr'><strong><em>a</em></strong></span> <span class='ocrx_word' id='word_1_287' title='bbox 669 4301 883 4366; x_wconf 80' lang='lat' dir='ltr'><strong><em>carnificibus</em></strong></span> 
     </span>
    </p>
   </div>
   <div class='ocr_carea' id='block_1_3' title="bbox 298 4417 1416 4511">
    <p class='ocr_par' dir='ltr' id='par_1_5' title="bbox 298 4417 1416 4511">
     <span class='ocr_line' id='line_1_41' title="bbox 298 4417 1416 4511; baseline -0.006 -15"><span class='ocrx_word' id='word_1_288' title='bbox 298 4425 336 4496; x_wconf 87' lang='grc'><strong><em>70</em></strong></span> <span class='ocrx_word' id='word_1_289' title='bbox 361 4421 490 4495; x_wconf 85' lang='lat' dir='ltr'><strong><em>Passio</em></strong></span> <span class='ocrx_word' id='word_1_290' title='bbox 515 4421 551 4495; x_wconf 92' lang='lat' dir='ltr'><strong><em>S.</em></strong></span> <span class='ocrx_word' id='word_1_291' title='bbox 570 4418 734 4492; x_wconf 90' lang='lat' dir='ltr'><strong><em>Mauricii</em></strong></span> <span class='ocrx_word' id='word_1_292' title='bbox 751 4424 787 4492; x_wconf 86' lang='lat' dir='ltr'><strong><em>et</em></strong></span> <span class='ocrx_word' id='word_1_293' title='bbox 804 4417 990 4492; x_wconf 84' lang='lat' dir='ltr'><strong><em>sociorum</em></strong></span> <span class='ocrx_word' id='word_1_294' title='bbox 1007 4417 1089 4511; x_wconf 91' lang='lat' dir='ltr'><strong><em>ejus</em></strong></span> <span class='ocrx_word' id='word_1_295' title='bbox 1112 4417 1191 4511; x_wconf 86' lang='lat' dir='ltr'><strong><em>(iol.</em></strong></span> <span class='ocrx_word' id='word_1_296' title='bbox 1219 4418 1416 4509; x_wconf 68' lang='lat' dir='ltr'><strong><em>terant.</em></strong></span> 
     </span>
    </p>
   </div>
   <div class='ocr_carea' id='block_1_4' title="bbox 197 4547 1423 4706">
    <p class='ocr_par' dir='ltr' id='par_1_6' title="bbox 197 4547 1423 4706">
     <span class='ocr_line' id='line_1_42' title="bbox 230 4547 1421 4619; baseline -0.002 -12"><span class='ocrx_word' id='word_1_297' title='bbox 230 4553 325 4607; x_wconf 87' lang='lat' dir='ltr'><strong><em>Passio</em></strong></span> <span class='ocrx_word' id='word_1_298' title='bbox 342 4557 453 4606; x_wconf 85' lang='lat' dir='ltr'><strong><em>auctore</em></strong></span> <span class='ocrx_word' id='word_1_299' title='bbox 470 4551 496 4604; x_wconf 86' lang='lat' dir='ltr'><strong><em>S.</em></strong></span> <span class='ocrx_word' id='word_1_300' title='bbox 508 4550 651 4612; x_wconf 79' lang='lat' dir='ltr'><strong><em>Eucherio,</em></strong></span> <span class='ocrx_word' id='word_1_301' title='bbox 663 4549 737 4602; x_wconf 84' lang='lat' dir='ltr'><strong><em>edita</em></strong></span> <span class='ocrx_word' id='word_1_302' title='bbox 755 4549 782 4602; x_wconf 93' lang='lat' dir='ltr'><strong><em>in</em></strong></span> <span class='ocrx_word' id='word_1_303' title='bbox 797 4551 854 4602; x_wconf 80' lang='lat' dir='ltr'><strong><em>Act.</em></strong></span> <span class='ocrx_word' id='word_1_304' title='bbox 867 4549 920 4612; x_wconf 67' lang='lat' dir='ltr'><strong><em>SS„</em></strong></span> <span class='ocrx_word' id='word_1_305' title='bbox 933 4548 968 4602; x_wconf 88' lang='lat' dir='ltr'><strong><em>ad</em></strong></span> <span class='ocrx_word' id='word_1_306' title='bbox 980 4548 1005 4601; x_wconf 86' lang='lat' dir='ltr'><strong><em>d.</em></strong></span> <span class='ocrx_word' id='word_1_307' title='bbox 1017 4548 1051 4601; x_wconf 57' lang='grc' dir='ltr'><strong>Ἡ</strong></span> <span class='ocrx_word' id='word_1_308' title='bbox 1066 4547 1149 4616; x_wconf 82' lang='lat' dir='ltr'><strong><em>Sept,</em></strong></span> <span class='ocrx_word' id='word_1_309' title='bbox 1166 4552 1235 4602; x_wconf 87' lang='lat' dir='ltr'><strong><em>torn.</em></strong></span> <span class='ocrx_word' id='word_1_310' title='bbox 1247 4548 1293 4612; x_wconf 83' lang='lat' dir='ltr'><strong><em>VI,</em></strong></span> <span class='ocrx_word' id='word_1_311' title='bbox 1314 4566 1359 4619; x_wconf 87' lang='lat' dir='ltr'><strong><em>pp.</em></strong></span> <span class='ocrx_word' id='word_1_312' title='bbox 1372 4548 1421 4605; x_wconf 60' lang='lat' dir='ltr'><strong><em>bil.</em></strong></span> 
     </span>
     <span class='ocr_line' id='line_1_43' title="bbox 197 4637 1423 4706; baseline -0.004 -10"><span class='ocrx_word' id='word_1_313' title='bbox 197 4642 254 4696; x_wconf 70' lang='lat'><strong>343.</strong></span> <span class='ocrx_word' id='word_1_314' title='bbox 266 4671 297 4680; x_wconf 92' lang='lat'><em>-</em></span> <span class='ocrx_word' id='word_1_315' title='bbox 309 4642 362 4695; x_wconf 86' lang='lat' dir='ltr'><strong><em>Sed</em></strong></span> <span class='ocrx_word' id='word_1_316' title='bbox 374 4642 474 4694; x_wconf 83' lang='lat' dir='ltr'><strong><em>nurnl</em></strong></span> <span class='ocrx_word' id='word_1_317' title='bbox 494 4657 564 4701; x_wconf 89' lang='lat' dir='ltr'><strong><em>om.;</em></strong></span> <span class='ocrx_word' id='word_1_318' title='bbox 582 4656 614 4692; x_wconf 89' lang='lat' dir='ltr'><strong><em>ac</em></strong></span> <span class='ocrx_word' id='word_1_319' title='bbox 631 4655 705 4692; x_wconf 88' lang='lat' dir='ltr'><strong><em>num.</em></strong></span> <span class='ocrx_word' id='word_1_320' title='bbox 725 4640 763 4702; x_wconf 86' lang='lat' dir='ltr'><strong><em>ll,</em></strong></span> <span class='ocrx_word' id='word_1_321' title='bbox 780 4637 851 4691; x_wconf 89' lang='lat' dir='ltr'><strong><em>iuter</em></strong></span> <span class='ocrx_word' id='word_1_322' title='bbox 870 4638 953 4691; x_wconf 85' lang='lat' dir='ltr'><strong><em>verba</em></strong></span> <span class='ocrx_word' id='word_1_323' title='bbox 965 4639 1083 4691; x_wconf 83' lang='lat' dir='ltr'><strong><em>adclinis</em></strong></span> <span class='ocrx_word' id='word_1_324' title='bbox 1091 4639 1167 4703; x_wconf 81' lang='lat' dir='ltr'><strong><em>jacet</em></strong></span> <span class='ocrx_word' id='word_1_325' title='bbox 1178 4641 1206 4690; x_wconf 87' lang='lat' dir='ltr'><strong><em>et</em></strong></span> <span class='ocrx_word' id='word_1_326' title='bbox 1218 4640 1289 4706; x_wconf 81' lang='lat' dir='ltr'><strong><em>quid</em></strong></span> <span class='ocrx_word' id='word_1_327' title='bbox 1304 4641 1423 4693; x_wconf 80' lang='lat' dir='ltr'><strong><em>uriroculi</em></strong></span> 
     </span>
    </p>
   </div>
   <div class='ocr_carea' id='block_1_5' title="bbox 199 4730 1421 4802">
    <p class='ocr_par' dir='ltr' id='par_1_7' title="bbox 199 4730 1421 4802">
     <span class='ocr_line' id='line_1_44' title="bbox 199 4730 1421 4802; baseline 0 -16"><span class='ocrx_word' id='word_1_328' title='bbox 199 4733 227 4786; x_wconf 91' lang='lat' dir='ltr'><strong><em>in</em></strong></span> <span class='ocrx_word' id='word_1_329' title='bbox 238 4733 331 4788; x_wconf 85' lang='lat' dir='ltr'><strong><em>codice</em></strong></span> <span class='ocrx_word' id='word_1_330' title='bbox 342 4733 440 4802; x_wconf 73' lang='lat' dir='ltr'><strong><em>legitur</em></strong></span> <span class='ocrx_word' id='word_1_331' title='bbox 452 4752 458 4786; x_wconf 92' lang='lat'>:</span> <span class='ocrx_word' id='word_1_332' title='bbox 471 4734 522 4786; x_wconf 78' lang='lat' dir='ltr'><strong><em>Sed</em></strong></span> <span class='ocrx_word' id='word_1_333' title='bbox 539 4750 610 4786; x_wconf 79' lang='lat' dir='ltr'><strong><em>rrum</em></strong></span> <span class='ocrx_word' id='word_1_334' title='bbox 620 4733 730 4800; x_wconf 71' lang='lat' dir='ltr'><strong><em>jubesne</em></strong></span> <span class='ocrx_word' id='word_1_335' title='bbox 746 4734 877 4800; x_wconf 77' lang='lat' dir='ltr'><strong><em>preclaro</em></strong></span> <span class='ocrx_word' id='word_1_336' title='bbox 890 4734 995 4786; x_wconf 74' lang='lat' dir='ltr'><strong><em>inieritis</em></strong></span> <span class='ocrx_word' id='word_1_337' title='bbox 1004 4731 1156 4795; x_wconf 79' lang='lat' dir='ltr'><strong><em>Ambrosio,</em></strong></span> <span class='ocrx_word' id='word_1_338' title='bbox 1168 4730 1255 4796; x_wconf 76' lang='lat' dir='ltr'><strong><em>bujns</em></strong></span> <span class='ocrx_word' id='word_1_339' title='bbox 1266 4731 1321 4785; x_wconf 83' lang='lat' dir='ltr'><strong><em>loci</em></strong></span> <span class='ocrx_word' id='word_1_340' title='bbox 1332 4733 1421 4786; x_wconf 77' lang='lat' dir='ltr'><strong><em>abbate</em></strong></span> 
     </span>
    </p>
   </div>
   <div class='ocr_carea' id='block_1_6' title="bbox 0 0 1593 5392">
    <p class='ocr_par' dir='ltr' id='par_1_8' title="bbox 0 0 1593 5392">
     <span class='ocr_line' id='line_1_45' title="bbox 0 0 1593 5392; baseline 0 0"><span class='ocrx_word' id='word_1_341' title='bbox 0 0 1593 5392; x_wconf 95' lang='lat' dir='ltr'><strong><em> </em></strong></span> 
     </span>
    </p>
   </div>
  </div>
 </body>
</html>
