3142 5392
75 371 180 422 Bran.
199 368 283 420 ΒΕΘ.
302 367 476 419 Bnuxnnu.
495 387 542 397 -
560 366 709 417 ΑΡΡΕΝΙ).
728 367 774 417 ΑΙ)
791 366 871 417 COD.
889 353 926 416 N⁰
944 364 1067 417 isso-62.
1124 343 1196 416 323

147 673 190 717 us
212 673 313 717 rouen
338 673 363 716 s.
385 670 524 715 urcouao.
547 651 624 732 (Cir.
647 670 755 731 supra,
777 668 849 731 pag.
871 650 942 726 315,
961 650 1020 729 5⁰.)

10 882 76 923 amo
97 869 231 937 quidam,
243 869 277 921 de
295 866 456 921 Aconitanis
467 864 591 935 partibus
608 864 747 919 (rutundus.
765 869 893 915 curvatus
904 879 1026 932 corpore,
1035 864 1159 917 intimius
1171 869 1199 918 et

10 964 45 1021 lis
55 974 134 1030 erat,
146 968 252 1038 pedum
263 972 291 1020 et
300 982 432 1020 manuum
446 964 545 1018 officiis
554 980 649 1017 carens
659 961 833 1030 integrisflic
843 962 1004 1015 deosculans
1013 963 1085 1015 beati
1095 963 1197 1017 Nicolai

10 1066 101 1122 ettam
128 1072 159 1121 et
181 1065 324 1120 humiliter
344 1065 469 1133 flagitans
489 1064 636 1117 sanitatem
658 1061 768 1130 recepit,
788 1061 998 1129 quamplurimis
1018 1061 1064 1128 qui
1085 1062 1198 1115 aderant

10 1167 143 1231 entibus,
175 1166 356 1233 domumque.
385 1163 549 1217 benedicens
578 1161 725 1214 Dominum
755 1161 868 1228 ejusque
895 1160 1028 1214 famulum
1057 1178 1198 1225 venerans,

10 1266 96 1320 avia

10 1365 124 1419 cardos
136 1362 254 1432 quidam
266 1363 300 1415 de
310 1362 456 1415 Camerino
468 1360 615 1415 territorio,
627 1359 783 1428 passionem
801 1363 883 1426 guttae
903 1359 930 1413 in
950 1359 1028 1428 spina
1048 1360 1200 1428 suscipiens

10 1463 181 1517 mationem
201 1461 374 1529 nimiumque
391 1459 514 1512 dolorem
533 1457 621 1511 multa
632 1474 678 1526 per
692 1463 815 1526 tempora
826 1458 964 1522 sustinuit,
976 1459 1045 1511 adeo
1059 1463 1089 1511 ut
1100 1460 1199 1513 coelum

9 1560 90 1619 icere
111 1577 176 1615 non
192 1559 307 1612 ualeret.
325 1558 377 1625 Qui
391 1559 507 1612 audiens
525 1557 638 1609 virtutes
655 1572 703 1624 per
715 1556 825 1609 beatum
839 1556 897 1609 fieri
909 1556 1059 1621 Nicolaum,
1072 1557 1201 1612 interiore

10 1677 84 1717 usus
97 1659 256 1719 desiderio,
267 1657 320 1711 iter
331 1661 362 1709 ut
372 1657 460 1725 potuit
469 1654 614 1725 arrip[iens
625 1672 687 1708 cum
701 1654 795 1722 sociiis
806 1655 931 1723 patriotis
944 1656 1036 1709 venire
1048 1657 1136 1726 coepit.
1148 1657 1201 1724 Qui

10 1778 88 1817 cum
104 1758 264 1829 quemdam
275 1756 388 1810 veniens
397 1757 469 1809 unde
481 1755 570 1824 primo
583 1756 684 1807 Baium
697 1753 894 1823 pirospicitur],
903 1755 948 1808 ubi
962 1771 1070 1808 crucem
1083 1756 1201 1824 ligneam

10 1876 82 1915 nam
104 1857 228 1928 quidam
238 1855 392 1917 affixerant,
404 1854 469 1922 quia
480 1853 534 1907 illic
547 1854 581 1905 ab
595 1853 753 1906 infrunitate
769 1852 867 1920 [curati
885 1852 1042 1920 sa]nitatem
1061 1854 1121 1907 viso
1139 1855 1201 1907 loco

10 1961 145 2029 sperant.
159 1956 228 2009 dum
248 1969 366 2007 cernuus
383 1969 530 2006 numerosa
552 1951 665 2020 vestigia
687 1968 810 2013 movens,
834 1950 891 2018 vilx
913 1951 1065 2018 ambulabo
1085 1953 1202 2016 ualebat,

10 2062 197 2126 metparum
210 2053 293 2121 coepit
302 2052 378 2120 erigi.
386 2052 443 2113 Cui,
450 2053 521 2105 sicut
531 2051 588 2120 ipse
600 2051 680 2103 nobis
693 2056 790 2119 postea
799 2051 898 2110 retulit.
908 2050 1011 2118 v[isum
1021 2051 1046 2119 t]
1060 2057 1119 2105 erat
1127 2053 1202 2121 quod

10 2174 69 2211 'em
90 2153 221 2209 nimium
235 2151 358 2205 sentiens
371 2150 446 2204 velut
458 2150 494 2202 ab
506 2149 598 2218 aliquo
616 2154 680 2202 ante
698 2149 763 2215 erigi
782 2149 951 2202 videbatur:
970 2154 998 2203 et
1014 2150 1105 2204 subito
1124 2151 1203 2219 qua'si

10 2256 127 2317 dactus,
147 2253 232 2306 laetus
253 2249 373 2303 clamare
385 2249 500 2302 comites
512 2264 578 2301 suos
589 2248 636 2316 qui
648 2247 676 2300 in
688 2248 785 2300 eodem
798 2248 895 2301 itinere
908 2249 1058 2317 pergebant
1075 2251 1164 2318 coepit,
1176 2256 1203 2303 et

20 2348 152 2406 Domini
165 2348 299 2401 virtutem
310 2345 446 2399 sentiebat
463 2360 592 2398 asserere.
611 2345 661 2398 Hic
680 2343 780 2412 itaque,
798 2345 845 2413 qui
863 2345 993 2398 dedomo
1011 2362 1061 2398 sua
1079 2347 1204 2400 infirmus

10 2496 12 2501 .
23 2455 55 2504 et
68 2448 208 2503 infirmus
220 2461 309 2514 usque
321 2445 356 2497 ad
365 2449 489 2497 sanctum
503 2460 602 2512 corpus
620 2443 714 2497 venire
732 2445 860 2513 speravit,
872 2461 956 2497 sanus
968 2448 996 2497 et
1008 2444 1097 2497 alacer
1109 2445 1203 2498 Domi·

10 2546 205 2603 [collaudans
218 2544 294 2598 uenit
306 2559 444 2611 sanusque
456 2543 490 2595 ad
500 2544 617 2611 patriam
630 2542 779 2611 repedavit.

10 2648 64 2717 pud
88 2644 253 2699 Almasiaru
273 2632 405 2713 puerulus
428 2659 444 2695 a
464 2643 561 2712 spiritu
584 2658 702 2711 nequam
729 2641 923 2695 miserabiliter
943 2643 1108 2706 vexabatur3
1130 2645 1203 2697 nude

10 2752 84 2801 artas
96 2745 165 2812 ejus
177 2743 330 2797 manebant
347 2741 514 2796 moestissimi
527 2742 714 2810 continuoque
726 2757 843 2794 moerore
855 2740 956 2794 afflicti.
969 2741 1021 2808 Qui
1034 2742 1204 2797 mirabilium

10 2841 165 2897 sexcitati
183 2840 326 2905 uirtutum,
341 2839 443 2892 Baium
456 2855 512 2893 non
529 2839 692 2893 distulerunt
704 2855 850 2908 properare
868 2856 931 2893 cum
950 2839 1006 2892 lilio
1025 2840 1205 2893 daemonioso

15 2943 69 2998 uhi
93 2942 133 2996 ad
156 2939 252 2994 locum
268 2954 324 3007 quo
340 2954 406 2991 crux
424 2937 516 2989 stabat
531 2953 614 3004 qnam
636 2938 813 3005 praediximus
833 2938 896 3001 fixa,
914 2938 1205 3008 appropinquaverunt

10 3057 122 3109 umque
146 3038 213 3092 inde
230 3038 310 3105 longe
328 3039 500 3104 aspexerunt,
517 3034 611 3088 laetitia
628 3035 769 3104 inopinata
790 3042 817 3090 et
837 3037 1011 3090 desiderabili
1031 3038 1123 3091 subito
1141 3042 1205 3091 sunt

10 3142 65 3195 eti.
92 3137 199 3193 Vident
225 3133 299 3188 enirn
326 3135 486 3203 praedictum
517 3149 670 3203 pueruma
697 3134 819 3202 maligno
844 3151 900 3202 quo
929 3137 1081 3190 vexabatur
1106 3137 1203 3204 spiritu

10 3245 121 3294 ratum.
141 3235 189 3289 Isti
202 3234 285 3302 igitur
294 3234 352 3302 jam
365 3250 419 3288 non
437 3251 486 3303 pro
498 3234 658 3288 infimitate
676 3234 846 3297 dimittenda,
859 3251 920 3303 quae
936 3235 993 3302 jam
1013 3239 1072 3288 erat
1083 3235 1205 3300 dimissa,

10 3338 119 3393 itaturi.
135 3335 186 3388 sed
200 3349 250 3403 pro
263 3333 352 3387 salute
364 3339 472 3402 recepta
484 3334 599 3388 donaria
611 3332 729 3387 oblaturi
742 3339 887 3402 gratesque
898 3332 1072 3401 dignissimas
1085 3336 1203 3389 Domino

10 3444 114 3507 :toque
132 3433 250 3488 Nicolao
268 3432 393 3487 celeriter
410 3432 523 3486 veniunt
541 3434 681 3486 reddituri.

10 3538 142 3591 enerunt
154 3532 190 3586 de
202 3532 324 3601 quodam
337 3530 448 3583 castello
465 3530 577 3598 quidam
598 3532 633 3584 ad
651 3532 778 3584 eumdem
799 3532 846 3585 Dei
865 3532 1010 3597 famulum,
1028 3548 1121 3585 secum
1138 3534 1203 3587 asse·

10 3652 49 3691 es
68 3630 243 3689 infantulam
260 3629 390 3683 omnibus
407 3630 529 3699 corporis
543 3630 647 3683 viribus
662 3630 820 3683 destitutam
845 3636 873 3684 et
889 3631 1034 3700 puerulum
1052 3632 1202 3687 admodum

10 3734 90 3797 ilem,
107 3730 161 3801 qui
173 3728 281 3783 nullum
299 3730 420 3784 edulium
437 3730 464 3783 in
482 3730 627 3782 stomacho
648 3729 793 3782 salubriter
804 3730 893 3797 potuit
909 3731 1028 3783 retinere
1045 3746 1096 3784 nec
1108 3733 1203 3786 ordine

10 3833 79 3889 mali
98 3831 236 3899 digerere.
249 3829 300 3895 Qui
313 3846 376 3882 cum
397 3830 455 3884 dies
473 3828 577 3898 aliquot
593 3845 654 3881 cum
674 3828 800 3896 precibus
810 3829 1033 3897 permansissent,
1047 3832 1203 3899 multasque

10 3938 75 3989 uteo
103 3930 137 3985 in
161 3928 224 3982 aliis
244 3928 360 3982 infirmis
386 3929 442 3982 lieri
469 3933 497 3982 et
517 3928 544 3981 in
567 3927 624 3980 suis
650 3927 765 3981 minime
791 3927 1005 3996 conspexissent,
1023 3946 1084 3982 curn
1105 3929 1203 3997 majori

9 4033 67 4089 itin
89 4044 184 4101 quam
205 4026 280 4097 prins
300 4027 460 4089 habuerant,
480 4042 536 4079 non
557 4026 616 4079 sine
643 4025 834 4094 desperatione
853 4026 942 4079 redire
967 4031 1114 4095 coeperunt.
1135 4027 1203 4081 Cum

10 4150 45 4189 m
72 4131 166 4198 longe
194 4143 210 4180 a
236 4126 344 4179 Barinis
367 4124 475 4178 moeniis
492 4125 569 4193 quasi
597 4125 755 4179 milliarium
782 4126 864 4179 trium
890 4125 1013 4179 abissent
1030 4125 1127 4194 spati0,
1152 4127 1204 4179 sub

10 4234 62 4289 »ris
81 4230 230 4285 olivarum
252 4240 332 4277 secus
355 4223 426 4277 viam
454 4228 482 4277 et
501 4230 614 4293 propter
632 4225 698 4278 solis
722 4229 818 4278 astum
842 4230 870 4278 ct
890 4224 996 4279 itineris
1015 4224 1202 4279 lassitudinem

12 4332 163 4391 buerunt
198 4324 324 4393 Cumque
349 4324 452 4377 mutuis
480 4324 724 4378 confabularentur·
748 4325 930 4389 sennonibus,
958 4324 1070 4392 quidam
1094 4324 1203 4379 illorum

10 4430 164 4490 itantibus
183 4440 278 4478 secum
296 4423 425 4477 dixerunt
442 4443 448 4477 :
468 4424 527 4477 Non
538 4432 668 4491 putamus
685 4426 822 4477 Burenaea
833 4442 895 4478 cero
908 4427 1064 4492 dicereque
1074 4427 1107 4478 de
1117 4430 1206 4479 saneti

10 4537 59 4591 lai
68 4543 209 4587 asserere
220 4526 357 4585 videntur,
371 4540 425 4591 pro
442 4526 522 4590 cujus
533 4526 638 4576 meritis
649 4532 673 4577 et
685 4527 829 4577 miraculis
840 4527 893 4576 lucc
904 4541 964 4578 cum
976 4527 1078 4577 nostris
1087 4526 1206 4589 infirmia

10 4650 73 4689 nus
88 4636 126 4683 ut
135 4625 270 4679 ›nedelum
288 4625 479 4690 acciperentur.
488 4620 595 4688 Quibus
607 4622 766 4689 hujusmodi
779 4623 931 4676 orationem
944 4623 1147 4691 proterentibus
1158 4623 1205 4679 alii

10 4731 165 4807 preibant,
179 4722 305 4777 dicentes
319 4740 326 4774 z
338 4722 400 4774 Hac
417 4723 505 4775 dicere
522 4723 611 4775 nolite.
629 4723 689 4775 Nou
708 4724 777 4775 euim
795 4724 920 4776 dubitare
936 4723 1059 4776 debentne
1070 4730 1106 4775 tot
1117 4724 1207 4777 nciliis
