3142 5392
305 335 378 409 576
438 402 441 408 .
641 355 768 408 curan.
794 354 899 408 cono.
925 352 1206 407 sacrosanctus.

307 544 384 609 biles,
398 561 443 599 me
460 561 573 625 quoque
589 561 645 598 non
657 544 795 599 immerito
805 544 984 598 vehementer
994 543 1179 598 concutiendo
1191 543 1360 607 excrucient,
1371 544 1427 598 inde
1435 550 1505 600 tanea

307 643 348 709 (ut
356 643 453 698 secreti
465 643 569 713 aliquid
582 643 610 697 iu
623 659 668 697 me
678 642 789 697 latentis
800 642 933 713 aperiam)
945 642 988 696 vis
996 641 1051 697 alia
1061 642 1154 711 maior
1162 647 1192 697 et
1202 642 1330 706 validior,
1336 647 1404 698 totas
1410 644 1507 711 ejusden

307 741 404 796 mortis
416 740 617 796 susurrationes
626 741 751 810 indignas
760 739 966 795 cohabitatione
974 757 1026 795 sua
1034 740 1170 809 judicans,
1179 741 1339 795 nouaclum
1351 741 1508 810 repelleesel

307 841 390 896 etiam
402 856 515 910 prorsus
532 845 647 894 conatur
663 839 812 894 absorbere
822 844 858 903 et
875 855 910 894 eo
921 839 997 908 quod
1012 839 1111 894 fortior
1126 843 1155 893 et
1169 839 1281 909 dignior
1290 839 1510 910 incomparabiliter

307 938 408 1003 illusit,
420 944 510 994 totum
522 955 569 994 me
585 938 636 993 sibi
649 939 792 993 contendit
803 938 978 993 vendicatum
996 937 1145 1007 possidere.
1156 937 1212 993 Sed
1224 938 1348 1008 queritis
1356 955 1469 1008 quemn
1478 939 1530 997 tar

307 1041 384 1092 tanta
396 1037 432 1090 sit
442 1036 492 1092 vis.
507 1035 694 1091 Proculdubio
717 1051 750 1089 ea
768 1040 809 1090 est
828 1033 1036 1099 contranimus
1051 1034 1156 1090 scilicet
1172 1041 1288 1090 cunctas
1311 1035 1446 1101 excellens.
1461 1053 1512 1092 nnn

307 1151 392 1206 quam
404 1135 542 1201 excidens,
553 1135 623 1189 alias
633 1132 771 1188 fulciendo
783 1133 907 1196 fulciens,
916 1132 1038 1201 amplruu
1047 1131 1152 1187 donum
1161 1133 1239 1202 qnod
1247 1132 1513 1188 diffunditurinccrdi

307 1234 360 1288 bus
370 1235 472 1288 uostris
480 1250 529 1302 per
537 1232 667 1303 Spiritum
677 1236 811 1296 sanctum,
820 1233 849 1287 in
860 1247 916 1301 qua
928 1236 986 1286 tota
999 1230 1042 1286 lex
1055 1231 1317 1302 pendetpropheter
1325 1232 1514 1302 eteraugeliuu,

308 1349 358 1402 per
379 1349 463 1401 quam
481 1332 601 1401 diligitur
622 1332 695 1386 Deus
717 1336 744 1385 et
764 1331 915 1400 proximus,
937 1346 999 1399 quae
1018 1330 1107 1400 operit
1127 1335 1156 1385 et
1173 1348 1190 1384 a
1214 1331 1286 1386 iacie
1310 1331 1424 1386 detristi
1437 1332 1515 1402 judicis

307 1431 452 1487 abscondit
463 1430 668 1486 multitudinem
691 1435 876 1500 peccatorum,
888 1435 916 1484 et
932 1446 988 1484 non
1000 1429 1090 1484 solum
1099 1430 1230 1485 timorem
1242 1430 1344 1484 mortis
1360 1431 1431 1485 ieras
1445 1431 1516 1485 mitu't
1526 1440 1545 1489 n

307 1531 356 1586 sed
368 1535 396 1584 et
412 1531 502 1600 ipsum
520 1528 713 1598 gehennalium
731 1529 821 1598 ignem
840 1528 1036 1598 suppliciorum
1055 1532 1239 1584 contemnens
1258 1529 1409 1584 coelestinm
1424 1530 1517 1584 tidnte

308 1634 434 1700 expectat
444 1629 557 1699 praemia
568 1629 738 1698 gaudiorum.
755 1629 845 1696 Hujus
862 1629 954 1698 itaque
966 1633 1049 1683 tante
1064 1628 1182 1691 virtutis,
1193 1629 1223 1683 id
1235 1634 1278 1683 est
1296 1633 1443 1684 cetemruur
1453 1629 1516 1684 rirtu

308 1735 366 1784 turn
380 1730 480 1798 regina·
491 1728 620 1792 caritatis,
632 1728 728 1796 triplici
750 1733 780 1782 et
797 1727 979 1783 indissolubili
999 1728 1093 1797 (quem
1110 1728 1171 1796 ipsa
1184 1728 1256 1783 mihi
1274 1728 1427 1797 specialiter
1441 1729 1517 1791 texuit

308 1828 417 1883 fortiter
425 1827 573 1882 obstrictus
583 1832 611 1881 et
619 1832 722 1881 tractus
731 1827 854 1882 suaviter
862 1826 984 1882 funiculo
991 1825 1092 1890 (laudis
1099 1825 1204 1881 scilicet
1215 1826 1519 1887 Deiamore.beati1u·

309 1925 360 1979 tini
383 1941 444 1995 quae
466 1926 513 1979 diu
537 1925 566 1980 iu
588 1942 634 1981 me
657 1925 798 1981 conualuit
814 1925 969 1988 devotione,
986 1941 1139 1994 eorumque
1153 1925 1201 1994 qui
1219 1927 1280 1980 baec
1291 1926 1383 1994 legare
1399 1932 1425 1981 et
1439 1927 1517 1982 initui
1528 1931 1548 1979 u

310 2025 469 2080 studuerint
479 2026 679 2091 edificatione),
691 2027 754 2095 quis
766 2043 816 2095 ego
837 2026 884 2095 qni
903 2025 1007 2080 renitar
1024 2042 1074 2080 nec
1090 2025 1151 2094 ejus
1168 2026 1340 2081 salutaribus
1357 2027 1518 2098 obtemperem

311 2124 777 2195 imperiis?vestrisquoque‚patres
786 2124 1238 2194 reverendipiisnonadquiescam
1246 2126 1519 2194 precibusetmonitisl

148 2219 163 2249 ⁸
175 2234 226 2271 τοι
311 2223 416 2278 Versus
428 2240 493 2293 ergo
502 2224 574 2278 cerri
587 2223 691 2279 inutilis
699 2229 728 2278 et
739 2224 808 2293 pigri
821 2223 930 2294 culpam
949 2224 1096 2294 incurrere.
1108 2224 1164 2293 qui,
1176 2240 1240 2279 cum
1254 2226 1269 2256 *
1281 2226 1318 2280 de
1333 2226 1473 2281 commiss
1481 2225 1520 2280 sibi

123 2286 255 2354 ‘mmm'
313 2321 468 2376 intellectus
486 2322 598 2384 talento,
614 2322 684 2375 hene
695 2322 762 2375 illud
776 2322 967 2392 dispensando,
985 2321 1037 2376 sibi
1053 2321 1150 2376 salutis
1161 2326 1189 2376 et
1206 2322 1328 2392 alicujus
1344 2324 1405 2378 aliis
1419 2322 1521 2379 utilitatis

311 2425 405 2490 posset
416 2437 563 2490 procurare
574 2421 761 2484 commodum,
773 2421 872 2490 ignare
883 2420 1025 2475 retinendo
1037 2426 1065 2475 et
1076 2421 1242 2476 occultando
1253 2422 1352 2477 incidit
1361 2422 1552 2491 damnationis!

312 2519 520 2574 incommodum
532 2521 615 2585 (sicut
629 2521 702 2574 enim
714 2519 760 2589 qui
773 2520 807 2574 de
819 2525 947 2589 percepto
959 2534 1073 2575 munere
1083 2520 1111 2574 in
1121 2526 1259 2588 quantum
1270 2522 1347 2576 valet
1358 2522 1444 2576 sibiet
1453 2520 1521 2591 proxi

85 2606 88 2613 ’
131 2614 252 2684 *supple
312 2617 367 2673 mis
374 2618 588 2687 satagitrnerito
599 2620 682 2674 aDeo
691 2621 739 2687 qui
748 2620 801 2674 hoc
811 2619 940 2689 praecepit
952 2623 1151 2678 remuneratur,
1160 2620 1199 2674 sic
1209 2637 1225 2673 e
1235 2621 1348 2675 diverso
1359 2621 1406 2690 qui
1417 2621 1521 2691 negligit·

112 2682 266 2802 13ἒῖξὲἳὲ
314 2733 377 2770 cum
386 2716 480 2784 possit,
491 2733 547 2770 non
557 2717 694 2771 immerito
705 2718 861 2784 damnatur)
870 2736 876 2771 :
884 2716 951 2780 hiae,
961 2716 1185 2784 inquam,vererus
1197 2717 1269 2772 etad
1282 2724 1409 2786 paratum
1421 2719 1522 2786 benign

314 2815 410 2870 matris
432 2820 459 2869 et
481 2815 595 2869 nutricis
612 2832 690 2880 mea,
702 2821 804 2871 sanclae
821 2816 949 2879 caritatis,
961 2815 1051 2869 sinum
1061 2815 1197 2884 refugiens
1215 2816 1439 2886 tutissimumque
1452 2820 1522 2886 patro

314 2915 379 2969 ciuii
408 2915 467 2983 ejus
493 2914 643 2982 implorans
671 2915 834 2978 subsidium,
851 2932 885 2968 ex
912 2915 997 2984 ipsius
1021 2916 1146 2984 gratuiter
1169 2915 1279 2984 pietatis
1297 2916 1380 2973 dono.
1400 2933 1447 2986 pro
1461 2917 1555 2969 bom!

314 3013 463 3069 voluntatis
476 3015 583 3076 affectu,
597 3019 624 3068 et
635 3014 722 3069 sancti
734 3015 837 3069 laboris
854 3031 902 3068 seu
920 3014 1010 3083 operis
1022 3015 1096 3084 quod
1111 3014 1255 3083 aggredior
1264 3014 1391 3081 obtentu,
1403 3021 1430 3069 et
1440 3015 1470 3068 de
1476 3029 1523 3084 per·

313 3118 436 3166 catorum
450 3111 612 3166 remissione
624 3113 719 3181 (quam
737 3130 788 3166 vos
800 3130 918 3183 quoque.
930 3112 1086 3167 sacerdotes
1097 3117 1125 3167 et
1136 3113 1232 3168 ricerii
1242 3114 1354 3176 Christi.
1365 3115 1463 3169 dudum
1471 3113 1523 3168 mihi

313 3211 507 3281 spopondistis)
518 3212 632 3280 jamjam
651 3229 794 3281 presumo,
807 3229 896 3282 neque
908 3213 1005 3266 mortis
1015 3212 1065 3266 etsi
1077 3212 1190 3266 insidias
1199 3229 1295 3277 careo,
1308 3215 1439 3283 impetum
1450 3219 1524 3268 tamen

313 3315 341 3364 et
352 3311 487 3376 stimulos,
505 3311 552 3379 qui
569 3328 614 3365 me
631 3312 766 3365 hactenus
779 3316 999 3381 compunxerunt
1011 3316 1038 3365 et
1050 3316 1206 3366 terruerunt
1223 3312 1298 3367 ultra
1315 3330 1372 3368 non
1385 3314 1451 3368 adeo
1461 3312 1524 3383 perti·

313 3426 415 3470 mesco.
427 3425 478 3463 nec
495 3410 578 3464 etiam
594 3416 728 3464 venenata
740 3411 943 3466 detrahentium
962 3410 1091 3479 obloquia
1103 3410 1255 3480 quidquam
1268 3414 1370 3482 pendo.
1382 3409 1557 3481 Pmscriptistt

313 3509 406 3578 itaque
428 3509 612 3577 omnibusque
631 3509 691 3563 aliis
709 3525 770 3579 quae
786 3526 832 3564 me
850 3510 1025 3572 revocabant,
1043 3510 1101 3563 Deo
1116 3510 1241 3577 jurante.
1258 3512 1374 3566 remotis
1390 3509 1526 3566 obstarrrlis.

313 3605 392 3660 laetus
399 3611 427 3660 et
434 3606 526 3660 alacer
534 3608 593 3674 ejus
601 3607 774 3662 clementiam
784 3608 1119 3677 humiliterimploro;sed
1127 3613 1155 3663 et
1164 3611 1317 3673 rossancti
1327 3616 1526 3681 patresquoruu

312 3704 396 3772 jussis
407 3706 578 3775 obtempero,
587 3711 617 3760 ut
627 3708 699 3761 idem
713 3707 818 3761 faciatis
830 3723 957 3777 exposco,
970 3712 1079 3762 orantes
1091 3724 1154 3762 eum
1166 3709 1300 3776 quatinus
1311 3710 1462 3764 suavissimi
1472 3708 1527 3762 roris

313 3800 356 3854 sui
374 3818 430 3870 quo
445 3818 555 3871 semper
566 3803 689 3858 abundat
708 3804 807 3859 intima
818 3805 976 3874 aspersione
988 3805 1142 3860 ariditatem
1157 3805 1286 3875 ingenioli
1305 3807 1360 3862 mei
1378 3807 1527 3862 fecundetet

313 3899 452 3968 saepedicti
472 3902 597 3969 opusculi
620 3903 719 3957 seriem
740 3920 823 3972 quam
845 3903 983 3973 ingredior
1010 3903 1103 3966 ordiri,
1128 3909 1206 3958 tanta
1225 3906 1322 3974 gratiae
1338 3924 1396 3961 suae
1411 3904 1559 3960 iuimionett

313 3998 452 4066 complere
462 3999 596 4069 dignetur.
609 4006 638 4055 ut
647 4003 682 4055 ad
694 4003 827 4070 nraJorem
841 4001 930 4056 laudis
942 4018 999 4057 suae
1010 4001 1134 4072 gloriam,
1146 4003 1238 4057 honor
1250 4008 1279 4058 et
1290 4005 1431 4059 veneratio
1441 4004 1527 4058 centes

312 4096 383 4150 soris
391 4097 433 4150 sui
443 4098 632 4167 amplificetur,
644 4100 730 4155 lector
741 4102 865 4170 piusnou
877 4101 1010 4170 garrulus,
1022 4101 1138 4170 simplex
1148 4117 1204 4155 non
1214 4102 1365 4169 fastuosus,
1376 4103 1451 4174 pulsa
1460 4102 1528 4157 totius

313 4196 388 4249 taedii
405 4197 517 4261 accidia,
529 4199 655 4253 lectionis
667 4201 750 4268 hujus
768 4216 827 4264 usu,
839 4217 872 4255 ac
888 4200 911 4254 si
928 4202 1031 4255 recenti
1050 4200 1115 4254 iano
1133 4200 1223 4255 mellis
1239 4201 1400 4258 distillantis
1411 4204 1437 4257 in
1452 4205 1528 4257 mente

313 4293 470 4349 dulcoratus
483 4297 639 4362 edificetur,
652 4300 736 4353 vestri
748 4316 868 4370 quoque,
880 4300 970 4354 eidem
983 4300 1117 4369 opusculo
1126 4315 1171 4354 rue
1183 4300 1314 4356 insudare
1325 4302 1528 4372 praecipientium,

313 4396 342 4445 et
353 4394 506 4449 obedientis
519 4395 593 4464 (licet
604 4399 767 4466 peccatoris)
780 4399 915 4453 memoria
933 4398 1049 4468 posteris
1065 4415 1116 4469 pro
1133 4399 1214 4454 uobis
1232 4402 1379 4457 orantibus
1395 4401 1422 4456 in
1439 4396 1559 4455 benedi-ll

313 4491 404 4545 ctione
414 4496 631 4550 commendetur.

358 4591 412 4648 18.
430 4592 467 4647 Ut
483 4598 575 4648 autem
594 4611 656 4662 quae
674 4612 729 4664 quo
751 4600 874 4665 tempore
891 4596 947 4650 siut
964 4603 1039 4665 gesta
1058 4598 1086 4651 in
1103 4598 1201 4651 eodem
1220 4613 1305 4666 opere
1317 4600 1377 4653 sine
1389 4597 1528 4653 contusione

124 4687 255 4822 mma.
313 4695 445 4757 appareat
456 4690 479 4750 ⁸.
491 4689 599 4744 duobus
616 4690 683 4745 illud
702 4690 800 4746 libellis
812 4691 979 4766 distinguere
992 4693 1130 4764 proposui.
1142 4694 1172 4748 ln
1183 4695 1275 4763 primo
1284 4711 1412 4763 quorum.
1421 4693 1527 4749 mnatre
