3142 5392
16 635 72 687 cod.
81 647 170 701 asper-

16 698 144 752 nandaru.

48 927 62 956 ¹¹
71 929 117 979 sic.

204 322 278 396 514
480 368 483 373 -
538 341 664 394 caran.
689 342 794 395 cono.
819 342 1099 398 nroroonnernc.

205 534 248 588 vel
267 532 408 587 taediosam
427 532 620 602 prolixitatem,
629 547 746 601 quarum
766 532 880 585 alteram
893 532 999 601 peperit
1009 532 1127 596 inscitia,
1136 532 1251 588 alteram
1260 534 1332 588 arida
1339 550 1399 589 erm

204 632 282 686 sandi
299 638 328 686 et
344 631 473 686 laudandi
491 637 637 699 utrumque
654 631 815 700 pradictum
833 630 990 699 pontificem
1002 631 1068 685 iecit
1080 632 1400 702 devotioespernandurr·

203 731 377 785 arbitrentur.
388 730 483 799 Neque
493 730 548 784 hoc
559 730 658 793 solum,
669 729 736 798 quia
748 729 893 783 minimum
906 735 955 795 est,
966 731 1015 784 sed
1033 730 1100 784 illud
1113 736 1173 785 toto
1185 736 1215 785 et
1224 732 1318 786 humili
1325 732 1402 786 mmtis

203 830 301 884 annun
313 830 452 898 deprecor,
464 829 502 882 sic
514 829 588 883 Deus
599 829 628 883 in
637 828 694 882 suis
705 845 753 882 eos
764 829 837 882 rotis
848 829 944 883 audiat
960 834 987 882 et
999 829 1137 898 precibus,
1154 830 1290 899 quatinus,
1299 831 1404 885 otuu

203 929 279 982 simae
296 927 448 982 affectionis
459 943 528 981 meae
541 944 631 991 causa,
649 927 698 981 Dei
708 927 832 981 tacentes
842 927 985 992 desiderio,
996 928 1051 983 boc
1063 929 1140 983 idem
1152 930 1312 998 opusculum
1321 930 1426 985 totiu⁸t

202 1025 278 1080 libris
291 1025 411 1079 historiae
429 1026 462 1079 de
482 1026 589 1079 actibus
600 1031 628 1079 et
644 1025 853 1080 conversatione
871 1025 944 1080 beati
960 1026 1070 1081 Martini
1088 1028 1126 1081 ab
1144 1028 1206 1098 ipso
1222 1033 1314 1083 macto
1327 1029 1405 1083 Seruo

202 1124 419 1179 luculentissimo
431 1125 541 1191 digestae
559 1124 622 1178 stilo
640 1124 815 1193 praescribere
833 1130 858 1178 et
880 1125 992 1194 diqnurn
1005 1131 1033 1179 et
1049 1132 1164 1181 cautum
1183 1128 1293 1191 ducant,
1303 1128 1406 1198 quadrus

203 1223 375 1293 impudentes
384 1229 412 1278 et
419 1223 541 1279 malivoli
550 1224 671 1292 ejusdem
681 1224 811 1288 historiae,
816 1226 840 1280 si
847 1225 895 1295 qui
904 1225 1010 1295 uspiam
1019 1226 1406 1298 habentur,impuqnatorasrm

202 1324 344 1389 derisores,
362 1324 416 1379 hoc
432 1327 510 1394 quasi
528 1330 606 1380 scuto
625 1325 829 1395 inexpugnabili
842 1326 972 1381 adversus
991 1328 1197 1384 detractionum
1216 1346 1323 1384 suarum
1337 1330 1407 1399 iacula

201 1439 263 1477 earo
272 1423 394 1494 undique
405 1425 540 1479 munitam
553 1430 581 1479 et
591 1430 725 1479 armatam
738 1425 880 1479 inveniant
892 1426 928 1491 (l)
1418 1430 1436 1478 tt

245 1520 299 1579 14.
321 1523 369 1587 Eu,
379 1523 494 1576 ostendo
504 1521 643 1576 dilectioni
652 1527 749 1576 vestrae
760 1538 815 1576 non
826 1523 1013 1588 armariolum,
1022 1523 1072 1578 sed
1081 1526 1235 1580 armarium
1245 1527 1311 1580 adeo
1319 1527 1405 1595 picum

200 1625 229 1674 et
239 1620 392 1674 confertum
403 1618 502 1686 jaculis
513 1618 640 1683 eternis,
653 1619 808 1673 necessitati
817 1616 942 1673 tuitionis
951 1624 1048 1673 vestrae
1059 1622 1226 1686 commodis,
1239 1628 1275 1686 ut,
1283 1623 1346 1677 sicut
1354 1622 1407 1675 arbi

201 1727 266 1785 troi,
275 1721 385 1775 aliunde
393 1736 449 1774 non
462 1719 497 1772 sit
506 1718 583 1772 vobis
592 1719 777 1773 necessarium
786 1718 821 1772 ad
834 1719 1049 1787 compescendos
1058 1719 1168 1775 llartini
1181 1722 1294 1776 aemulos
1303 1729 1328 1777 et
1334 1724 1406 1776 hostes

201 1824 311 1875 nostros
326 1836 404 1873 arma
418 1818 565 1887 requirere.
581 1818 660 1884 Quod
673 1834 738 1871 sane
750 1817 899 1871 armarium
912 1833 969 1872 non
980 1819 1056 1873 aliud
1068 1821 1160 1887 putari
1176 1821 1241 1874 volo
1252 1837 1330 1890 quarn
1338 1822 1404 1890 splen·

200 1918 294 1972 didam
312 1916 408 1972 domni
425 1916 522 1983 Adam,
535 1915 585 1970 viri
602 1932 708 1984 maqnae
725 1915 863 1984 religionis
880 1920 908 1968 et
924 1916 1016 1969 mutue
1029 1917 1403 1989 scientiae‚epistolam‚qui.er
1416 1918 1435 1967 tl

199 2016 309 2085 Maioris
331 2015 488 2070 Monasterii
510 2014 648 2068 monacho
670 2014 698 2068 in
719 2018 853 2068 rectorem
875 2013 988 2069 alterius
1008 2016 1129 2070 coeuobii
1149 2024 1311 2088 assumptus,
1321 2018 1404 2072 abbatis

199 2131 301 2170 nomeu
310 2120 338 2169 et
353 2115 474 2170 osticium
490 2114 564 2184 quod
577 2113 690 2177 obtinet,
703 2114 828 2167 doctrina
840 2129 913 2167 nunc
926 2119 952 2167 et
964 2130 1047 2182 opere
1058 2117 1251 2171 strenuissime
1261 2123 1288 2171 et
1297 2117 1403 2172 decretis

199 2213 269 2268 sime
280 2218 372 2268 tuetur
381 2213 402 2266 ⁸.
412 2213 544 2267 Praedicta
553 2217 723 2281 pertractans
734 2212 827 2276 verba,
840 2213 867 2266 id
879 2217 935 2266 est:
947 2212 958 2238 ⁸
970 2212 1128 2281 Ollartine,
1141 2216 1282 2284 prophetis
1290 2232 1400 2284 conpar.

102 2316 103 2319 ’
134 2317 140 2329 ’
239 2317 316 2367 tanta
339 2317 526 2382 persecutores
545 2311 653 2365 Martini
671 2310 858 2365 invectionum
885 2313 1076 2380 prosecutione
1098 2315 1221 2384 exagitat
1245 2316 1400 2379 instantiaut

198 2411 322 2466 converti
334 2417 361 2466 et
379 2411 491 2466 obviare
503 2410 578 2464 nulla
591 2415 757 2479 praesumant
768 2410 884 2464 audacia
896 2411 933 2478 (2)
1409 2408 1429 2457 ii

242 2509 297 2568 15.
319 2509 491 2578 Quapropter
502 2508 608 2562 enixius
621 2510 736 2562 obsecro
749 2525 799 2562 vos
810 2525 915 2572 omues,
924 2525 993 2578 quos
1006 2509 1164 2566 devotionis
1175 2513 1204 2566 in
1222 2518 1321 2566 tanturn
1331 2517 1397 2580 patro·

199 2625 264 2663 num
281 2608 373 2662 habeo
392 2606 435 2659 vel
452 2621 585 2674 umquam
603 2604 748 2658 habiturus
760 2620 821 2657 sum
834 2604 932 2670 socios,
949 2605 1089 2674 quatinus,
1098 2608 1134 2661 ad
1145 2616 1318 2678 augmentum
1329 2608 1397 2679 gloria

198 2709 258 2776 ejus
267 2714 294 2761 et
311 2708 346 2760 ad
359 2705 486 2759 fiduciam
499 2704 586 2758 veniae
601 2721 618 2757 a
634 2704 691 2757 Deo
704 2704 782 2757 robis
794 2703 830 2756 ab
844 2720 877 2758 eo
891 2704 1079 2773 impetrandae,
1091 2707 1218 2776 quisquis
1227 2706 1395 2763 restrumdeiu

198 2823 261 2876 ceps
270 2811 409 2875 gestorum
421 2805 480 2870 ejus
488 2802 632 2857 historiam
645 2819 678 2856 ex
687 2803 792 2871 integro
806 2803 987 2870 transcribere
998 2805 1125 2870 voluerit,
1134 2806 1158 2860 si
1171 2824 1227 2862 non
1236 2808 1292 2862 vult
1301 2822 1394 2863 enarer

199 2905 307 2958 tramite
316 2901 479 2970 exemplaris
488 2900 574 2954 nostri
584 2900 696 2954 omnino
710 2906 805 2954 careat
814 2901 975 2966 exorbitare,
988 2903 1036 2956 sed
1046 2905 1162 2974 vestigia
1175 2907 1276 2961 itineris
1290 2900 1423 2961 umuli!

199 3002 356 3071 proeosteusi
366 3002 553 3054 incunctanter
565 3004 708 3068 sequutum
718 3003 753 3063 ct,
765 3004 794 3053 ut
807 3005 898 3068 pateat
908 3001 981 3068 quod
994 3018 1043 3070 per
1059 3003 1204 3059 involucra
1215 3005 1313 3075 loquor,
1322 3004 1392 3059 serien

198 3102 319 3171 ejusdem
330 3099 452 3153 historia
462 3115 523 3152 cum
534 3097 629 3151 ordine
639 3098 771 3151 librorum
782 3104 809 3151 et
819 3098 995 3167 epistolarum
1005 3099 1145 3156 luculenta
1154 3108 1182 3157 et
1194 3105 1309 3174 diligenti
1315 3101 1393 3171 Sulpiii

107 3235 113 3248 ·
197 3201 289 3255 Severi
303 3217 386 3268 opera
398 3202 590 3252 contextorum
600 3197 621 3261 *,
634 3197 705 3250 sicut
722 3197 776 3250 illic
794 3197 935 3262 invenerit,
950 3197 1001 3251 sibi
1014 3202 1188 3256 transcribat.
1200 3203 1277 3258 Notet
1286 3199 1393 3269 eumqui

156 3302 161 3315 '
197 3297 352 3353 transcribit
364 3294 598 3349 circumstantiam
610 3294 846 3348 munimentorum
865 3295 951 3364 ipsius
968 3296 1090 3350 historiae
1108 3300 1252 3369 (quaecum
1264 3298 1394 3355 sittirruiei·

197 3402 353 3460 mammen
366 3399 476 3463 propter
488 3410 544 3457 ene,
553 3393 653 3461 quibus
665 3393 763 3446 alicubi
777 3398 873 3447 nutare
887 3394 1001 3458 videtur,
1014 3395 1057 3450 vel
1069 3403 1184 3467 propter
1193 3401 1291 3470 eosqui
1301 3401 1322 3454 ei
1330 3392 1421 3452 dem-t

198 3495 289 3550 hendo
299 3495 492 3561 obloquuntur,
502 3492 537 3544 ad
549 3491 714 3544 fulciendam
725 3492 800 3545 illam
812 3493 946 3560 apposui),
958 3510 1009 3547 nec
1020 3493 1197 3563 aliquatenus
1205 3500 1309 3553 omittat
1319 3497 1394 3567 quiret

198 3595 244 3649 illa
256 3596 285 3648 in
297 3594 400 3647 eisdem
412 3591 479 3644 locis
489 3591 516 3644 in
526 3590 625 3658 quibus
635 3590 723 3657 posita
733 3595 798 3645 sunt
806 3592 977 3657 transcribat,
989 3599 1021 3646 ut
1032 3593 1075 3646 bis
1084 3595 1162 3649 lectis
1173 3597 1215 3651 rel
1224 3598 1317 3652 auditis
1325 3600 1394 3651 nutu·
1437 3610 1439 3617 ·

199 3700 240 3748 tes
259 3692 417 3754 solidentur,
436 3690 617 3758 obloquentes
637 3689 821 3744 confutentur.
840 3690 1011 3745 Fulcimcnta
1028 3709 1094 3746 vero
1113 3695 1173 3748 lraec
1190 3697 1257 3750 nibil
1273 3696 1337 3750 aliud
1350 3691 1395 3746 rob
1437 3760 1439 3791 Ι

199 3789 318 3858 intelligi,
327 3786 380 3841 nisi
391 3802 510 3854 praesens
523 3784 684 3853 opusculum
696 3791 723 3839 et
733 3786 891 3853 pradictum
901 3786 996 3842 domni
1005 3787 1072 3842 ndae
1081 3791 1192 3846 abbatis
1200 3793 1396 3861 epistolarum
1437 3806 1439 3821 ¹

199 3890 298 3958 logiam
311 3902 422 3956 quoque
435 3885 522 3939 sancti
533 3884 646 3949 Odonis,
658 3885 738 3953 primi
758 3885 978 3940 cluniacensium
989 3887 1107 3955 abbatis,
1119 3890 1154 3944 de
1166 3892 1295 3946 incendiis
1305 3882 1422 3946 edent
1435 3872 1439 3981 i

198 3990 320 4058 ejusdem
330 3987 481 4041 beatissimi
493 3985 614 4048 Martini;
624 4002 779 4039 sermonem
793 3985 875 4039 etiam
887 3985 1045 4055 praeclarum
1059 3989 1095 4042 de
1113 3989 1173 4059 ipso
1186 3992 1278 4046 domni
1286 3987 1396 4049 demittit
1436 3986 1439 3995 ’

199 4085 279 4154 primi
296 4101 373 4154 aeque
391 4082 499 4136 abbatis
518 4081 661 4135 clarissimi
679 4081 941 4143 curmolensem
959 4082 1008 4136 sed
1020 4087 1048 4136 et
1063 4084 1198 4141 visionem
1218 4089 1252 4142 de
1269 4082 1395 4142 excelsu

198 4185 283 4253 ipsius
301 4182 454 4236 mirabilem
473 4198 556 4235 sacrae
568 4180 664 4248 virgini
678 4180 835 4249 Hildegardi
853 4180 985 4234 divinitus
1003 4188 1153 4239 ostensam.
1165 4185 1286 4254 Quorum
1296 4187 1395 4255 primun

199 4284 224 4338 id
246 4289 287 4338 est
304 4285 357 4336 hoc
378 4282 465 4351 ipsum
485 4281 654 4349 opusculum,
668 4280 695 4333 in
707 4280 796 4347 capite
807 4280 959 4347 saepedictae
975 4281 1099 4336 historio
1110 4290 1224 4341 actuum
1236 4284 1394 4354 ejusaerrtc

231 4531 268 4595 (1)
281 4530 304 4582 Α
316 4530 370 4583 fine
383 4528 433 4581 col.
442 4528 458 4580 1
467 4527 514 4580 fol.
526 4528 566 4579 ltr
579 4542 666 4594 usque
682 4527 716 4578 ad
733 4526 779 4578 tln.
796 4526 846 4579 col.
861 4528 871 4579 1
889 4526 936 4580 fol.
950 4500 993 4581 191
1003 4527 1122 4582 invectio
1132 4531 1162 4583 in
1174 4530 1287 4601 illosqui
1297 4526 1394 4584 suadit

198 4613 301 4667 habent
312 4612 457 4666 Martinum
470 4609 600 4679 apostolis
614 4625 708 4676 parem
719 4609 781 4673 dici,
793 4610 841 4678 qui
861 4614 954 4663 tumen
962 4610 1023 4679 jure
1035 4612 1098 4666 talis
1106 4615 1276 4682 praedicatur.
1284 4644 1313 4653 -
1322 4613 1351 4679 (t)
1359 4610 1394 4665 re

197 4696 283 4750 lineas
297 4697 328 4750 15
337 4694 545 4749 commendatur
554 4692 652 4745 ilduini
664 4691 785 4761 epistola
