3142 5392
117 332 228 383 siau.
246 331 326 382 nuc.
344 330 516 382 namuci..
537 352 582 361 —
601 330 749 382 lippum).
768 332 814 382 ro
833 333 913 382 coo.
932 322 969 382 Ν0
988 331 1111 384 ioco-or.
1172 311 1243 385 3u5

10 508 40 573 tt
56 518 110 573 bis
131 520 182 573 vel
195 525 240 574 ter
256 520 301 574 vel
315 537 349 574 eo
361 520 479 589 amplius
491 521 640 590 negaverit,
653 537 829 591 nequaquam
842 526 935 575 lamen
948 521 994 574 illa
1006 514 1134 575 recedere
1150 523 1245 584 voluit,

10 628 84 673 nee
102 618 252 673 obtineret
263 620 336 688 quod
353 619 440 687 petiit.
453 620 577 673 Tandem
591 636 657 672 vero
667 620 824 687 importune
836 620 949 673 instanti
965 620 1060 673 tribuit
1076 619 1245 689 ingrediendi

10 715 157 771 nnllam.
166 718 237 783 Quae
252 723 283 770 ut
291 717 414 785 ingressa
423 717 483 779 luit,
492 733 556 770 mox
568 733 601 770 ex
612 717 746 772 industria
758 718 839 786 coepit
851 722 915 771 ante
927 719 1015 771 sancti
1032 718 1136 772 Nicolai
1149 734 1245 787 capsu-
1336 748 1339 757 ·

10 806 57 877 h
74 820 174 869 totum
191 833 293 885 corpus
305 833 385 869 suum
398 821 579 885 prosternere.
591 817 713 870 humidae
726 822 753 869 at
765 817 846 870 lutere
859 818 999 871 adhaerere
1016 818 1121 880 telluri;
1139 818 1173 871 de
1191 833 1245 886 qua

10 896 89 971 ¹{hur
106 913 249 983 leprosam
268 915 367 968 taciem
379 914 458 968 linire
476 915 557 983 coepit
575 935 580 969 :
600 920 627 968 et
645 931 710 968 nior
722 932 782 984 quae
795 920 853 969 toto
866 916 974 984 leproso
994 917 1114 985 ingressa
1132 921 1174 969 est
1186 931 1246 969 cor·

10 990 73 1099 'pe
88 1018 152 1068 tota
171 1014 306 1068 mundata
323 1019 386 1067 cute
404 1013 478 1067 intus
489 1019 516 1066 et
527 1014 655 1071 exterius,
668 1013 812 1067 Dominica
831 1016 913 1083 coepit
930 1015 1094 1083 egrediendo
1113 1014 1246 1067 beneficia

10 1102 177 1169 bdlnudare.

10 1172 185 1287 {flepoutini
202 1210 348 1275 cujusdam
360 1209 461 1263 ancilla
472 1211 547 1278 gravi
564 1227 693 1278 oppressa
705 1215 764 1263 erat
780 1209 969 1273 invalitudine,
981 1211 1050 1263 adeo
1062 1216 1092 1263 ut
1105 1210 1246 1264 incurvata

10 1284 19 1293 ’
110 1309 183 1362 viros
201 1308 358 1377 corporales
375 1310 514 1362 amitteret
532 1314 559 1362 et
576 1325 682 1362 sursum
703 1314 785 1377 caput
801 1309 904 1377 erigere
923 1310 965 1362 vel
984 1309 1098 1378 pedibus
1120 1309 1246 1362 incedere

79 1408 191 1461 valeret.
203 1407 378 1476 Quapropter
389 1424 405 1459 a
417 1425 466 1461 suo
479 1408 592 1461 domino
611 1407 723 1460 dimissa
741 1413 768 1460 et
785 1409 872 1475 ejecta
890 1414 939 1471 est,
952 1409 1052 1476 quippe
1070 1409 1113 1462 cui
1131 1409 1246 1461 famula·

82 1522 140 1559 non
151 1507 292 1560 reddebat.
302 1505 370 1572 Quae
383 1522 399 1558 a
411 1505 581 1574 spontaneis,
592 1506 640 1573 qui
649 1507 683 1558 ad
696 1506 807 1559 beatum
820 1507 969 1559 veniebant
981 1506 1132 1570 Nicolaum,
1142 1508 1244 1560 Barum

68 1604 166 1659 'allata
178 1610 229 1669 est,
241 1621 292 1657 sua
301 1621 351 1673 pro
361 1604 519 1657 infirmitate
531 1610 558 1657 et
570 1605 657 1657 salute
669 1604 831 1673 flagitatura.
844 1604 912 1671 Quae
928 1622 991 1658 cum
1004 1621 1053 1673 per
1068 1606 1173 1675 aliquot
1188 1607 1247 1660 dies

24 1696 29 1703 '
84 1703 229 1757 mnumera
241 1702 413 1756 infirmorum
426 1702 601 1756 multitudine
613 1707 677 1756 ante
690 1703 823 1756 famulum
842 1704 890 1756 Dei
910 1704 1038 1771 precibus
1050 1712 1247 1773 perseveraret,

30 1792 33 1797 ’
74 1800 81 1811 ’
135 1800 258 1854 obtinuit
266 1801 399 1854 sanitatis
409 1801 477 1854 Nam
487 1806 576 1854 erecta
587 1805 629 1854 est
637 1806 664 1854 et
675 1802 710 1854 ad
721 1801 864 1869 pristinum
879 1802 1003 1855 restituta
1015 1802 1145 1870 rigorem.

50 1896 174 1967 Quadan
192 1899 355 1953 muliercula
380 1900 435 1952 leta
457 1899 527 1952 lacte
545 1915 577 1952 ex
596 1900 727 1952 uberibus
744 1901 777 1952 ad
797 1901 920 1953 sobolem
939 1901 1109 1953 educandam
1132 1902 1245 1956 omnino

77 1998 129 2052 bat.
141 1999 208 2052 llaec
225 2000 312 2052 sancti
332 2000 473 2052 custodem
492 1999 614 2068 corporis
632 1999 706 2061 adiit,
719 1998 875 2067 suppliciter
892 2015 991 2067 rogans
1009 2004 1040 2052 ut
1058 2000 1092 2052 de
1105 2000 1166 2053 oleo
1179 2001 1246 2054 lam-

31 2088 34 2095 ’
68 2096 76 2109 ‘
103 2114 167 2167 quaa
179 2102 245 2151 ante
262 2103 388 2151 sanctum
401 2098 585 2151 indesinenter
597 2097 682 2162 ardet,
700 2103 795 2166 pectus
813 2114 891 2150 suum
911 2104 1080 2166 pemngeret,
1093 2100 1115 2151 si
1130 2099 1246 2153 forsitan

92 2197 180 2251 ubera
198 2202 225 2250 et
244 2213 329 2266 parva
347 2180 492 2250 existentia
509 2197 596 2250 lactea
614 2196 783 2264 plenitudine
801 2196 941 2249 madefieri
954 2202 981 2249 et
993 2197 1099 2265 impleri
1112 2199 1244 2253 valerent.

104 2312 170 2350 curn
187 2296 234 2350 ille
251 2297 369 2355 lecisset,
381 2296 439 2348 haec
457 2296 571 2348 domum
587 2294 675 2354 rediit,
688 2310 843 2364 munusque
855 2296 928 2362 quod
942 2302 1067 2349 sanctum
1081 2302 1245 2364 poposcerat

81 2396 182 2449 ‹lanter
193 2395 307 2464 accepit.

10 2550 22 2577 .·
44 2494 176 2551 leniebat
188 2495 381 2549 Matineusium
399 2494 545 2548 rriultitudo
563 2495 597 2547 ad
615 2509 725 2546 servum
739 2493 787 2546 Dei
807 2499 834 2546 et
845 2494 955 2547 Domini
964 2495 1050 2547 nostri
1068 2495 1132 2549 lesu
1144 2496 1244 2550 Christi

10 2580 149 2649 brunum
163 2611 227 2648 cum
239 2593 387 2662 Stephano,
399 2593 515 2646 cunobii
534 2593 624 2645 Sancti
638 2592 777 2645 Eustachii
789 2593 889 2645 abbate
909 2594 1073 2646 venerando.
1086 2594 1139 2660 Qui
1159 2595 1245 2664 prius·

10 2698 87 2755 mm
108 2694 215 2747 Barina
235 2692 336 2746 moenia
353 2691 545 2752 subintrarent,
566 2691 633 2744 loris
658 2707 741 2760 prope
763 2690 901 2743 civitatem
920 2697 984 2744 sunt
1004 2692 1143 2761 hospitati,
1161 2710 1244 2748 mane

10 2784 117 2847 “terius
138 2792 196 2846 diei
217 2790 427 2844 ecclesiasticam
447 2790 545 2843 seriem
567 2789 722 2857 ingressuri.
740 2790 804 2842 Erat
824 2795 915 2842 autom
939 2791 1009 2842 inter
1031 2790 1093 2844 illos
1114 2792 1244 2860 puerulus

10 2892 134 2961 nusqui
143 2906 289 2958 nunquam
301 2905 409 2958 gressus
418 2894 525 2957 poterat
534 2904 646 2941 movere
659 2889 804 2941 naturales.
814 2889 850 2942 Ut
867 2895 960 2942 autem
975 2889 1015 2942 sol
1028 2891 1126 2944 extulit
1144 2891 1244 2957 radios,

10 2992 83 3062 repit
100 2990 193 3043 abbas
203 2988 348 3058 pradictus
365 2988 524 3041 clericorum
543 3004 575 3039 ac
593 2987 794 3040 monachorum
807 2987 1004 3056 laicorumque,
1017 2991 1088 3043 sicut
1100 2996 1141 3042 est
1159 2991 1244 3045 ecele-

10 3088 114 3147 iastim
133 3089 270 3148 doctrina,
288 3086 413 3139 ordinare
426 3085 636 3154 processionem,
655 3102 718 3138 cum
736 3085 828 3138 subito
848 3086 977 3139 eumdem
998 3103 1112 3154 puerum
1131 3090 1243 3157 propius

10 3205 103 3245 errant
113 3185 340 3254 contemplantur
352 3185 550 3253 perambulare.
563 3184 641 3238 Unde
659 3190 800 3253 stuporem
813 3185 964 3238 maximum
988 3191 1016 3238 et
1031 3187 1241 3241 admirationem

10 3289 105 3343 abere
116 3288 262 3354 coeperunt
273 3285 347 3338 etad
364 3288 438 3336 astra
450 3301 531 3337 voces
548 3283 661 3336 laudum
679 3283 801 3336 diversas
816 3284 940 3337 certatim
961 3285 1081 3339 exaltare
1093 3303 1125 3339 ac
1142 3288 1241 3353 majori

10 3404 81 3442 uam
106 3388 277 3454 putaverant
296 3382 464 3436 exultatione
483 3382 687 3450 gratiarumque
707 3383 816 3435 actione
834 3382 1017 3450 congratulari
1035 3384 1241 3452 Dominamque

10 3488 127 3543 rudere.

17 3582 167 3639 Habebat
184 3581 258 3648 apud
269 3580 418 3634 Tarentum
437 3595 540 3648 pauper
557 3579 669 3647 quidam
689 3584 716 3631 et
737 3579 881 3632 infirmus:
899 3585 958 3633 erat
976 3580 1050 3633 enim
1067 3597 1242 3649 nequaquam

10 3684 93 3739 dens
111 3680 248 3736 incedere
259 3680 381 3748 pedibus
392 3680 508 3746 genibus
520 3683 548 3731 et
559 3678 684 3731 cruribus
696 3678 821 3741 mortuis,
833 3677 860 3730 in
874 3679 1002 3732 manibus
1015 3696 1124 3748 quoque
1138 3680 1241 3734 viribus

10 3799 101 3843 nens,
114 3779 201 3834 humi
214 3779 259 3832 vix
272 3779 377 3831 sedens,
394 3777 447 3844 Qui
465 3777 566 3831 auditis
584 3776 656 3830 beati
674 3776 779 3830 Nicolai
796 3777 970 3831 mirabilibus
982 3778 1057 3832 lama
1069 3778 1242 3847 praedicante,

10 3884 109 3955 spiens
122 3878 223 3932 afferri
231 3877 283 3931 sibi
292 3878 328 3930 ab
337 3892 370 3930 eo
382 3877 508 3931 sanitatis
517 3892 640 3937 munera,
650 3880 776 3929 sanctum
786 3876 896 3929 assidue
908 3877 1113 3945 deprecabatur.
1123 3878 1176 3944 Qui
1185 3895 1242 3932 nou

10 4002 30 4040 n
42 3979 195 4037 sustinuit
211 3993 229 4030 a
241 3977 367 4043 precibus
380 3977 451 4030 illius
469 3992 550 4029 aures
568 3975 656 4029 solitae
673 3975 783 4043 pietatis
800 3980 941 4038 avertere;
960 3977 1007 4029 sed
1019 3976 1134 4044 gratiam
1147 3977 1243 4032 tribuit

10 4100 71 4140 iam
85 4078 222 4148 optabat
233 4075 318 4130 Nocte
335 4076 409 4129 enim
426 4075 557 4144 quadam,
574 4090 636 4127 curn
657 4090 740 4143 sopor
757 4090 820 4128 eum
845 4078 957 4139 teneret,
980 4075 1070 4144 imago
1091 4076 1241 4130 admodum

10 4178 157 4239 nefanda
169 4176 224 4230 sub
232 4175 354 4228 humana
363 4174 452 4243 specie
464 4174 599 4242 apparuit,
611 4190 673 4241 quae
682 4173 760 4227 illum
770 4174 938 4226 hortabatur
947 4178 974 4226 et
984 4175 1062 4242 quasi
1072 4174 1241 4244 negligentiae

10 4278 191 4352 {arguebat
202 4275 313 4328 dicens:
327 4276 417 4339 Quare
434 4292 486 4327 noti
505 4276 582 4326 vadis
602 4274 711 4326 Boram
730 4275 767 4326 ad
784 4281 908 4326 eandum
928 4275 1080 4340 Nicolaum,
1103 4277 1150 4327 ubi
1165 4284 1241 4342 potes

10 4388 107 4439 tutem
118 4379 268 4443 recipere?
285 4374 334 4427 Cui
347 4373 406 4427 ille:
427 4376 571 4440 Quomodo,
584 4373 681 4442 inquit,
700 4375 748 4429 ibo.
768 4391 829 4425 cuna
848 4376 904 4426 loco
924 4377 974 4427 isto
995 4377 1095 4443 absque
1111 4379 1240 4429 niorentia

10 4482 128 4554 meio
138 4475 329 4540 transfretari
337 4490 389 4526 non
398 4475 521 4525 valeam?
531 4472 563 4525 Et
573 4471 618 4525 ille
627 4491 634 4525 ι
644 4473 818 4539 Sarpemade,
829 4474 896 4540 quia
904 4481 985 4539 potes.
995 4472 1032 4525 At
1040 4472 1085 4526 ille
1099 4473 1240 4543 evigilans,

10 4583 116 4640 >tinus
128 4573 258 4630 surrexit
269 4587 383 4640 corpore
394 4588 485 4634 sanae,
498 4577 525 4624 et
537 4571 687 4625 venerabili
699 4571 769 4639 patri
788 4570 901 4624 Nicolao
919 4571 1020 4639 gratias
1037 4577 1065 4625 et
1082 4572 1178 4627 laudes
1190 4590 1239 4642 pro

10 4690 57 4740 rto
71 4689 204 4735 munere
217 4670 375 4726 redditurus
387 4670 489 4724 Bamm
505 4671 588 4725 venit.
