3248 5392
69 823 83 853 ⁸
94 826 149 877 cod.

43 887 173 943 defessus.

232 314 304 386 50r
369 356 373 363 ·
568 337 694 389 caran.
721 338 824 389 cono.
849 334 1130 392 ursinonarmc.

233 525 245 548 ‘
259 528 285 577 et
295 523 391 577 induta
400 524 484 578 intrat
492 525 526 577 ad
538 541 591 589 me,
601 541 657 578 nou
669 525 815 578 minimum
831 525 989 593 stupefactis
1006 524 1193 594 pedissequis.
1211 525 1246 578 Et
1265 525 1428 582 videntescele·
1476 506 1481 557 ⁴·

233 620 245 644 ⁸
257 619 367 674 bratum
380 626 485 675 tantum
496 621 523 675 in
532 639 577 676 me
589 622 761 686 miraculum,
770 628 865 692 stupor
874 624 913 677 eis
922 623 1087 693 geminatur,
1098 628 1128 676 et
1140 627 1292 692 generatur
1305 624 1340 677 eis
1350 628 1430 681 ext&

233 718 416 772 ‘Exhilarata
428 719 527 774 mulier
542 726 573 774 ut
590 721 714 775 sublevet
731 722 819 774 tendit
835 722 904 776 milri
922 738 1029 787 manus,
1045 727 1073 775 et
1092 722 1196 775 incitat
1214 722 1305 775 adbuc
1321 724 1432 787 rudae

233 817 244 841 ⁸
258 817 396 871 defessum
405 819 419 848 a
432 835 464 872 ex
476 820 586 873 modico
598 820 625 873 in
637 819 738 874 lectulo
750 822 858 889 reponit
866 837 920 874 me.

272 915 306 972 5.
333 921 343 944 ⁸
357 918 391 970 Et
402 916 510 971 interim
528 917 581 970 laeti
599 918 686 970 Deum
701 918 729 970 in
741 917 864 971 conclavi
877 918 1080 982 collaudamus;
1095 917 1454 988 praestolamurdomiuient

232 1016 243 1039 ⁴
256 1020 368 1085 propter
379 1016 561 1083 frequentiam
574 1016 669 1085 plebis
678 1021 709 1069 ut
721 1017 781 1070 laus
790 1017 838 1069 Dei
849 1033 897 1084 per
906 1033 956 1069 nos
965 1016 1092 1085 pluribus
1102 1017 1301 1085 spectantibus
1310 1018 1437 1073 cunum.

232 1114 242 1136 ¹
257 1113 342 1167 Adest
353 1114 412 1167 dies
423 1119 564 1184 expectata
575 1118 602 1167 et
614 1113 728 1167 ecclesia
737 1115 880 1177 convenit;
890 1114 991 1168 nullius
1003 1115 1192 1168 amminiculo
1203 1131 1258 1168 nos
1267 1115 1437 1184 intramis&

231 1213 242 1235 ⁸
256 1228 301 1265 mc
313 1213 388 1280 prius
399 1218 568 1281 agnoverant
578 1218 607 1266 et
618 1212 744 1268 viderant
756 1229 789 1267 eo
807 1214 956 1282 saepissime
973 1214 1038 1266 vehi
1050 1231 1119 1267 cum
1132 1212 1246 1278 rotella,
1257 1219 1438 1283 stupentem

231 1312 242 1334 ⁸
255 1310 400 1380 signabant
411 1329 454 1375 se;
472 1317 507 1376 et,
519 1314 652 1382 quoniam
662 1329 725 1365 vere
742 1313 863 1382 dignum,
874 1313 987 1380 justum,
999 1330 1124 1382 aequum,
1134 1313 1263 1367 salutare
1280 1320 1321 1367 est
1335 1314 1438 1383 operui

230 1411 320 1464 “lesu
336 1411 471 1464 indefesse
491 1412 622 1473 confiteri,
640 1412 706 1481 quid
723 1413 823 1481 egisset
840 1413 913 1466 Deus
931 1414 958 1466 in
976 1429 1021 1466 me
1040 1417 1174 1466 sanctum
1188 1429 1241 1482 per
1253 1418 1389 1480 patronum
1401 1412 1465 1477 ludu

230 1508 242 1533 ⁸
256 1511 409 1579 expressius
421 1527 505 1578 quam
516 1511 593 1580 potui
606 1511 718 1580 exposui
731 1512 947 1580 expectantibus.
956 1511 1011 1565 Nec
1023 1513 1174 1580 quomodo
1187 1512 1350 1566 subvenerit
1357 1511 1440 1566 mulieri

230 1609 241 1634 ¹
255 1609 416 1678 praetermisi
428 1625 477 1663 sua
486 1610 610 1663 Christus
619 1609 751 1678 largitate,
761 1611 808 1664 sed
824 1616 919 1664 sancto
937 1611 1078 1664 mediante
1091 1611 1228 1666 tiburtino.
1237 1611 1288 1665 His
1298 1611 1396 1673 auditis.
1406 1612 1440 1679 qui

230 1707 382 1761 ‘astabant
399 1708 567 1776 ingeminant
583 1725 666 1762 voces
682 1709 808 1773 laudum;
824 1709 973 1763 clamorem
990 1710 1081 1778 plebis
1099 1709 1256 1765 classicum
1274 1724 1440 1778 campanam

230 1808 241 1832 ⁸
255 1807 416 1876 adaugebat.
431 1848 441 1871 „

392 2121 430 2164 ne
451 2122 551 2166 eooru
572 2122 687 2166 seuero
709 2122 852 2166 ramiro.
880 2103 956 2186 (Cfr.
978 2124 1089 2186 supra,
1112 2124 1193 2186 pag.
1216 2105 1305 2186 487.)
1450 2133 1469 2181 u

745 2303 933 2364 Narratio.

271 2512 301 2567 1.
323 2512 394 2564 Dum
410 2512 438 2564 in
453 2509 599 2578 Binguensi
615 2509 715 2578 oppido
731 2526 919 2563 commorarer
930 2511 1045 2564 obtentu
1057 2513 1238 2567 venerabilis
1249 2514 1355 2567 ancille
1366 2512 1443 2569 mad

227 2610 405 2678 Hildegardis
421 2608 449 2661 iu
466 2608 531 2661 villu
548 2607 639 2661 Posito
656 2607 728 2660 hanc
746 2608 839 2675 accepi
857 2608 989 2662 ultionem
1008 2608 1175 2676 nuperrime
1194 2611 1300 2665 factam
1315 2626 1443 2680 essequam

225 2710 366 2764 subscribo
373 2728 379 2770 ;
389 2725 438 2762 nec
448 2707 542 2776 paucis
552 2724 601 2760 nec
611 2707 717 2759 levibus
727 2707 804 2759 estid
814 2707 974 2761 hominibus
985 2707 1128 2761 traditum.
1136 2709 1174 2762 Et
1182 2710 1246 2763 haec
1255 2710 1322 2763 villa
1328 2710 1443 2778 Mogontia

225 2808 345 2861 ecclesiae
358 2806 487 2859 cardinali
497 2807 620 2872 subjecta
632 2810 681 2867 est,
694 2807 738 2858 cui
751 2805 883 2858 Martinus
896 2812 925 2858 ut
934 2811 1067 2873 patrunus
1081 2806 1274 2876 principatum
1285 2826 1346 2877 quae
1354 2816 1379 2861 et
1388 2816 1472 2868 tenue

224 2908 356 2976 qualitate
373 2924 402 2959 se
420 2906 547 2958 dilatasse
565 2906 723 2967 ‹linoscitur,
742 2910 771 2958 ut
787 2906 944 2958 mirandum
963 2906 997 2957 sit
1015 2922 1064 2957 cur
1083 2922 1142 2958 non
1163 2909 1272 2960 meruit
1290 2910 1373 2976 magis
1388 2909 1443 2960 urbis

224 3023 335 3058 nomen.
347 3007 423 3057 Hanc
435 3005 587 3061 habitabat,
600 3010 710 3057 strenue
723 3021 772 3056 sua
782 3005 879 3056 doctus
893 3005 1044 3071 disponere,
1054 3005 1214 3058 mediocris
1225 3008 1289 3060 vitm
1300 3008 1339 3060 rir
1349 3008 1391 3059 sed
1401 3022 1443 3074 prr--

225 3103 330 3156 babilis.
338 3104 386 3156 Cui
399 3105 507 3155 fortuna
519 3120 567 3170 pro
581 3102 666 3163 libitu,
679 3119 739 3154 curu
755 3102 817 3154 laeto
834 3102 911 3154 vultu
923 3102 1034 3163 risisset,
1044 3110 1256 3167 corrrmututur;
1268 3112 1297 3157 et
1309 3111 1366 3172 post
1375 3104 1443 3156 dulces

226 3204 340 3255 haustus
350 3204 520 3270 desperatum
532 3201 799 3253 inl'ertabsintlrium.
808 3202 840 3253 Et
850 3200 965 3252 infectus
974 3200 1089 3261 malitia¹
1098 3202 1233 3268 ejusdem
1244 3206 1317 3257 villa·
1327 3202 1443 3256 rirednni·

226 3319 277 3354 nus
289 3303 449 3355 hereditatis
461 3301 575 3369 proprian
587 3300 674 3352 virum
693 3300 805 3351 reddere
816 3289 1076 3367 exsortem'suisque
1088 3301 1166 3353 illanr
1179 3304 1285 3355 addere
1296 3309 1384 3356 tentat.
1392 3302 1470 3368 Quilu

226 3401 321 3469 plura?
334 3402 386 3454 cilo
400 3401 535 3468 praevalet.
548 3399 661 3465 superplex
676 3403 749 3465 patet
760 3399 858 3465 prredae
906 3401 967 3464 (prr
978 3401 1064 3450 lineas
1074 3403 1239 3466 quindecim
1253 3406 1385 3456 iireeliitur
1395 3403 1441 3451 Gri-

226 3503 315 3554 dcrtus
329 3505 355 3552 iu
370 3503 540 3562 incusarent).
554 3499 670 3550 Herodio
684 3498 815 3564 spoliatus
825 3515 841 3549 a
853 3503 972 3565 potente,
982 3498 1022 3548 vir
1035 3499 1191 3563 praedictus
1202 3502 1318 3569 inquirit
1328 3505 1383 3570 quis
1394 3503 1442 3554 tera

227 3618 306 3667 opem
320 3606 347 3652 ct
358 3601 405 3667 qui
418 3602 526 3665 inopem
541 3603 648 3650 tucatur
660 3597 764 3663 quaerit,
777 3598 825 3648 sed
838 3597 937 3648 frustra
951 3616 956 3648 :
970 3613 1049 3648 aures
1063 3598 1226 3665 principum
1248 3602 1339 3669 pulsnt
1355 3610 1379 3653 et
1391 3600 1441 3667 juli·

226 3716 298 3755 cum.
311 3675 365 3751 non
379 3699 481 3750 invenit
493 3698 538 3764 qui
550 3701 702 3758 succurrat;
717 3712 780 3747 nuru
795 3696 913 3761 potentis
925 3712 1023 3748 luanus
1039 3695 1122 3764 longe
1138 3700 1186 3751 rel
1205 3701 1309 3753 timore
1323 3701 1362 3753 rel
1372 3714 1441 3752 niune

227 3798 303 3850 ribus
315 3798 419 3848 cuuctis
431 3797 613 3848 astrinxerunt
625 3812 681 3846 ora.
1451 3805 1468 3851 ,a

270 3893 302 3951 2.
324 3896 369 3946 Vir
387 3895 475 3961 igitur,
493 3894 526 3944 de
546 3894 667 3944 humano
685 3893 741 3958 jam
761 3892 908 3960 desperans
926 3892 1035 3953 auxilio,
1054 3892 1133 3945 haud
1154 3898 1282 3962 segniter
1295 3899 1328 3949 ad
1344 3898 1439 3949 divum:

228 3993 382 4061 praesidium
399 4009 457 4043 sose
471 3991 582 4042 confert.
596 3991 627 4042 Et
644 4007 705 4041 curu
722 3994 748 4041 et
761 3990 882 4056 ejusdem
897 3989 966 4041 villan
979 3989 1095 4042 ecclesia
1107 3996 1137 4043 et
1152 3995 1255 4060 major,
1270 4002 1301 4047 ut
1310 3994 1440 4062 praedictum

228 4098 276 4153 est,
290 4090 433 4157 bloguntire
452 4095 477 4141 ct
495 4090 615 4156 undique
633 4090 687 4140 siut
699 4088 820 4141 eeclesiae
832 4088 947 4151 Martini,
965 4095 1076 4140 nonest
1094 4091 1168 4142 satis
1181 4093 1274 4145 risum
1292 4095 1347 4146 viro
1360 4090 1440 4145 llartid

229 4191 363 4258 pontilicis
381 4190 413 4240 dc
433 4189 556 4256 proximo
576 4205 735 4256 comparare
753 4188 889 4253 suffragia.
909 4188 960 4239 nisi
978 4192 1052 4254 petat
1071 4189 1145 4241 etde
1166 4190 1260 4259 longe.
1272 4193 1440 4260 ltumpensqre

228 4307 327 4353 moras,
337 4289 454 4341 Turonis
467 4289 500 4340 ad
514 4289 636 4339 lumbam
650 4288 737 4340 tendit
748 4288 891 4355 pontificis.
903 4288 936 4339 Et
952 4288 1140 4355 procumbens
1154 4296 1238 4343 terrm
1258 4293 1377 4360 supplex,
1384 4289 1440 4344 Chri·
1452 4296 1469 4343 a

227 4397 299 4443 stum
312 4391 376 4442 lletu
387 4393 467 4440 vocat
479 4393 506 4439 et
518 4404 603 4454 prece.
616 4388 685 4438 Hinc
697 4403 842 4453 assurgens
855 4393 937 4454 atque
951 4404 1035 4439 noros
1045 4388 1168 4455 calceos,
1179 4408 1255 4458 quos
1265 4394 1320 4445 illie
1331 4393 1440 4448 attulerat

227 4506 308 4557 super
325 4489 415 4554 ipsum
434 4487 519 4538 szmcti
538 4492 747 4537 monumentum
764 4487 878 4551 jactans,
890 4486 1096 4538 lituroribundo
1115 4488 1229 4552 similis,
1249 4498 1278 4544 et
1296 4493 1368 4543 vultu
1379 4490 1440 4557 pleno

227 4587 346 4641 lacrimis
359 4591 412 4638 stat
425 4586 557 4648 cominus
570 4590 597 4635 et
609 4584 725 4636 obtortis
735 4586 859 4636 tumbam
872 4589 1048 4651 prospectans
1062 4587 1153 4638 oculis
1163 4588 1304 4642 deliberat
1314 4587 1440 4657 cujusmodi

228 4683 317 4736 verbis
329 4699 377 4749 pro
387 4698 416 4732 rc
433 4682 518 4747 possit
531 4680 578 4743 uti,
591 4680 648 4731 sire
662 4679 806 4731 llurtinurn
820 4680 971 4747 alloquens,
986 4679 1043 4733 sire
1057 4683 1223 4747 exprimens
1237 4686 1368 4739 dolorem.
1378 4685 1440 4749 Cujus
