3142 5392
231 273 322 323 arar..
348 271 429 322 nno.
457 269 630 322 nnuxsm.
656 291 702 300 —
730 226 809 321 con.
836 258 873 320 n⁰
898 265 1054 319 esra-sset.
1186 244 1254 318 591
1326 253 1328 257 ’

126 462 192 515 Post
205 460 346 514 hominem
356 459 424 513 tacis
434 475 465 512 ex
479 458 568 527 fragili

93 561 214 624 Materia,
224 560 330 620 modice
339 560 439 613 stabili.

94 662 182 715 Causa
192 662 267 714 bono
281 660 370 728 placet
381 660 479 714 artifici

93 761 248 830 ‘terrigenis
258 776 403 814 numerum
414 759 487 813 retici

93 861 216 930 Agminis
225 862 284 929 ejus
296 859 451 929 apostatici.

125 1009 177 1062 Sed
190 1024 279 1076 neque
289 1013 344 1061 stat
354 1008 423 1061 bene
436 1007 524 1060 iactus
532 1006 618 1058 homo

93 1108 223 1178 Elisiique
235 1113 346 1176 repente
358 1108 440 1160 domo

94 1209 219 1270 Pellitur;
229 1225 261 1260 ac
273 1209 407 1275 poenitens
419 1206 511 1259 animo

92 1308 228 1375 Tempore
240 1306 367 1375 plectitur
377 1306 452 1360 haud
465 1306 589 1368 minimo,

92 1406 208 1460 Pulvere
220 1405 361 1474 squalidus
370 1410 453 1472 atque
462 1406 535 1460 simo.

125 1553 195 1621 Ergo
205 1552 258 1606 tuit
270 1552 319 1606 tibi
329 1552 482 1613 consilium,

93 1652 209 1716 Christe,
218 1651 414 1705 Patrismanus
423 1656 452 1704 et
460 1651 612 1714 brachium,

94 1749 199 1803 Mittere
211 1749 317 1803 coetitus
328 1748 470 1814 auxilium,

93 1849 205 1902 Solvere
217 1847 360 1916 plasmatis
372 1848 493 1908 exilium,

92 1947 171 2015 Quod
182 1963 246 2000 caro
259 1946 327 2000 fallit
339 1953 367 2000 et
379 1946 532 2001 arbitrium.

126 2096 187 2149 Non
197 2099 256 2149 erat
268 2096 327 2149 haec
339 2095 435 2148 eadem
448 2095 526 2157 ratio,
578 2122 582 2135 ·

94 2197 174 2248 Hunc
182 2194 266 2248 simili
275 2194 372 2248 redimi
384 2194 479 2263 pretio,

93 2295 144 2349 Cui
154 2296 225 2348 toret
236 2293 322 2347 altera
331 2293 469 2347 conditio:

93 2394 147 2461 Qut
158 2394 233 2463 prius
244 2393 356 2460 angelus
366 2392 466 2454 otticio,

93 2490 134 2543 Fit
147 2491 258 2559 proprio
270 2490 354 2543 Satan
363 2506 396 2542 ex
410 2489 485 2543 vitio.

125 2636 186 2689 Non
198 2653 261 2689 caro
271 2641 378 2690 texerat
389 2637 463 2690 bunc
475 2636 591 2706 tragilis;

92 2735 174 2789 Lucis
183 2740 241 2789 erat
252 2736 354 2804 species
366 2735 451 2805 agilis,

92 2834 192 2887 Forma
201 2850 249 2902 per
261 2834 355 2888 omnia
367 2834 533 2888 insensibilis
542 2834 564 2888 ⁸.

92 2933 195 3001 Sponte
207 2934 340 3002 superbus
352 2937 380 2986 et
392 2932 511 2996 odibilis,

93 3032 214 3085 Perdidit
225 3049 284 3087 esse
298 3031 469 3100 receptibilis.

126 3181 205 3234 Hunc
215 3181 313 3249 recipis
321 3181 390 3249 pius,
400 3182 474 3234 hunc
487 3197 600 3234 revocas

93 3279 180 3348 Inque
191 3281 276 3348 gradu
285 3281 400 3334 meliore
410 3280 486 3334 locas

93 3378 512 3448 Terreaquempotuitgravitas
587 3407 590 3412 ·

93 3476 228 3538 Sternere,
238 3493 336 3544 resque
348 3477 425 3545 sequi
437 3477 545 3530 illicitas

93 3575 232 3628 Daemonis
244 3575 351 3644 impulit
362 3575 493 3643 impietas.

127 3722 150 3775 0
162 3738 245 3789 super
256 3721 449 3774 omnebonum
462 3721 584 3774 bonitus!

95 3821 186 3875 Induit
198 3820 257 3890 ipsa
268 3820 410 3872 bominem
424 3819 527 3872 deitas:

94 3920 136 3973 Fit
148 3936 211 3973 caro
224 3918 367 3987 splendida
378 3918 424 3988 qui
438 3920 510 3972 Deus
520 3924 569 3972 est.

94 4016 148 4070 Nec
159 4016 244 4070 violat
253 4033 317 4070 caro
330 4011 403 4085 quod
416 4017 489 4070 Deus
499 4023 547 4081 est,

94 4114 212 4183 Virginis
224 4114 268 4167 hic
280 4114 346 4183 quia
358 4114 429 4168 fitius
440 4121 490 4168 est.

129 4263 200 4316 Voce
209 4261 271 4330 quis
284 4260 401 4329 explicet
413 4265 461 4313 aut
473 4261 578 4314 calamo

95 4360 218 4427 Quantus
228 4365 287 4413 erat
299 4361 372 4413 Deus
384 4359 412 4411 in
425 4358 558 4423 thalamo,

95 4458 219 4525 Quantus
231 4464 290 4512 erat
303 4475 371 4526 puer
383 4458 492 4527 egregio

95 4557 213 4624 Virginis
223 4557 296 4610 illius
309 4557 335 4610 in
346 4557 458 4625 gremio,

95 4657 201 4710 innuba
210 4673 292 4725 quem
302 4656 373 4726 parit
384 4656 490 4724 absque
499 4656 573 4710 viro!

746 458 865 526 Corpore
876 456 982 525 proficit
991 455 1095 509 interea

712 557 773 625 Quo
784 557 875 611 minor
883 562 925 610 est
933 557 1032 610 domus
1040 555 1168 619 aetherem

712 656 793 711 Orbis
803 661 830 711 et
841 656 962 725 undique
970 657 1094 711 materia.

711 758 856 826 Temporis
867 757 911 810 ille
923 757 997 811 subit
1008 756 1108 826 spatio,

709 857 801 911 nuria
810 857 876 910 dant
885 856 929 910 cni
941 855 1066 909 solstitia.

743 1005 825 1074 Signa
832 1006 879 1059 dat
888 1003 1100 1059 innumerabilia
1110 1024 1116 1058 :

709 1104 842 1159 Ambulat
853 1121 916 1158 ecce
927 1120 1009 1174 super
1019 1104 1120 1166 marim

710 1203 834 1257 Flamina
847 1220 915 1257 voce
927 1204 1012 1272 tulgat
1022 1189 1127 1265 Patria;

709 1304 779 1360 Vina
790 1309 887 1375 potens
899 1305 958 1359 sine
970 1304 1026 1359 vite
1035 1308 1118 1368 creat,

708 1405 790 1475 Virgo
800 1406 880 1459 docet
892 1404 957 1473 quia
968 1409 1066 1458 cuncta
1077 1408 1160 1457 creat.

742 1553 821 1621 Egra
830 1552 963 1606 cadavera
975 1551 1115 1615 salvificat,

713 1651 834 1719 Corpora
845 1654 955 1705 mortua
967 1650 1093 1714 viviticat,

712 1748 830 1802 Lumina
841 1748 947 1818 perdita
955 1748 1083 1814 restituit,

711 1847 760 1901 Vel
772 1846 862 1915 potius
874 1864 947 1901 nova
959 1847 1118 1902 constituit:

711 1945 790 1998 Nulla
802 1946 874 2014 quod
885 1950 948 1999 ante
960 1961 1059 2000 manus
1069 1945 1165 2015 potuit.

741 2094 797 2147 Nos
806 2093 888 2147 etiam
898 2068 966 2147 nece
977 2099 1109 2163 perpetua

711 2193 815 2262 Eripuit
825 2193 897 2246 Deus
911 2192 968 2259 ipse
980 2209 1038 2246 sua.

554 2299 555 2303 ’
632 2318 635 2324 ·
712 2293 773 2347 Non
783 2297 877 2346 tamen
890 2292 947 2361 ipse
958 2293 1032 2346 Deus
1044 2293 1146 2361 patitur

709 2392 740 2445 ln
751 2407 832 2446 cruce
844 2391 888 2444 vel
897 2392 970 2444 Deus
981 2391 1127 2455 occiditur;

710 2489 763 2542 Sed
771 2489 845 2542 Deus
855 2493 904 2554 est,
912 2489 998 2542 homo
1008 2488 1054 2558 qui
1064 2489 1188 2544 moritur.

740 2637 790 2690 Vix
803 2636 894 2690 triduo
903 2636 976 2704 jacet
984 2635 1012 2689 in
1026 2636 1141 2701 tumulo,

707 2736 825 2805 Moxque
835 2735 968 2804 resurgit:
981 2735 1008 2789 in
1021 2735 1135 2790 articulo

708 2834 809 2896 Noctis.
821 2835 913 2888 adhuc
921 2835 980 2889 sine
989 2834 1117 2899 diluculo,

710 2932 900 3002 Discipulabus
911 2934 989 2987 adest
1001 2932 1123 2997 celebris,

710 3032 777 3100 Quae
789 3032 904 3086 veniunt
913 3032 988 3102 prius
1000 3032 1165 3086 intenebris.

741 3181 842 3234 Postea
851 3181 992 3251 discipulis
1003 3183 1063 3235 aliis

710 3281 741 3333 ln
755 3281 897 3348 speciebus
910 3281 987 3334 adest
1000 3281 1089 3334 variis.

710 3379 816 3447 Corpus
825 3380 906 3442 idern,
919 3396 983 3433 caro
993 3379 1137 3449 tangibilia

710 3476 780 3544 Quid
792 3478 884 3531 minus
893 3481 942 3537 est.
952 3477 1017 3546 quia
1029 3494 1084 3531 non
1097 3478 1200 3547 fragilis

709 3576 800 3644 thue
812 3575 941 3645 perendie
953 3576 1107 3644 passibilis?

745 3723 833 3776 Verba
846 3723 936 3792 palam
947 3724 1094 3792 repetendo
1105 3723 1152 3777 Dei

711 3821 846 3889 Dogmata
859 3839 924 3876 vera
934 3823 1016 3876 dabat
1026 3822 1097 3887 ndei,

712 3919 868 3975 Necmiuus
877 3921 1063 3975 emolumenta
1073 3921 1138 3990 spei.

713 4018 837 4086 Didyme,
849 4018 977 4072 credulus
989 4025 1048 4073 esto
1061 4020 1098 4073 rei
1112 4039 1118 4073 :

714 4115 761 4169 Est
771 4115 851 4180 latus,
861 4115 959 4185 aspice,
973 4116 1090 4170 testisei.

747 4261 813 4314 Inde
823 4262 952 4315 thronum
967 4262 1056 4316 Patris
1065 4268 1092 4316 et
1104 4264 1244 4333 proprium

714 4360 801 4413 Carne
813 4360 887 4413 Deus
899 4366 1024 4429 repetens
1036 4361 1144 4419 solium.

714 4457 844 4513 Vestibus
856 4458 947 4513 intulit
959 4459 1066 4514 eximiis

716 4557 769 4625 Qui
781 4557 834 4611 sibi
845 4573 954 4626 semper·
964 4558 993 4611 in
1002 4559 1098 4612 officiis

714 4657 858 4712 diruerant
869 4664 897 4713 et
908 4656 1049 4712 amicitiis:

1340 2826 1354 2856 *
1366 2830 1422 2880 cod.

1308 2892 1452 2948 sensibilis.
1561 2926 1564 2935 ·
