<?xml version="1.0" encoding="UTF-8"?>
<!DOCTYPE html PUBLIC "-//W3C//DTD XHTML 1.0 Transitional//EN"
    "http://www.w3.org/TR/xhtml1/DTD/xhtml1-transitional.dtd">
<html xmlns="http://www.w3.org/1999/xhtml" xml:lang="en" lang="en">
 <head>
  <title>
</title>
<meta http-equiv="Content-Type" content="text/html;charset=utf-8" />
  <meta name='ocr-system' content='tesseract 3.04.00' />
  <meta name='ocr-capabilities' content='ocr_page ocr_carea ocr_par ocr_line ocrx_word'/>
</head>
<body>
  <div class='ocr_page' id='page_1' title='image "./cataloguscodicu01belggoog_0620.png"; bbox 0 0 3142 5392; ppageno 0'>
   <div class='ocr_carea' id='block_1_1' title="bbox 268 204 1264 281">
    <p class='ocr_par' dir='ltr' id='par_1_1' title="bbox 268 204 1264 281">
     <span class='ocr_line' id='line_1_1' title="bbox 268 204 1264 281; baseline -0.005 0"><span class='ocrx_word' id='word_1_1' title='bbox 268 230 361 281; x_wconf 82' lang='lat' dir='ltr'>arm.</span> <span class='ocrx_word' id='word_1_2' title='bbox 379 229 462 281; x_wconf 82' lang='lat' dir='ltr'>nuo.</span> <span class='ocrx_word' id='word_1_3' title='bbox 481 228 654 281; x_wconf 78' lang='lat' dir='ltr'>enuxuuu.</span> <span class='ocrx_word' id='word_1_4' title='bbox 674 250 721 259; x_wconf 95' lang='lat'>-—</span> <span class='ocrx_word' id='word_1_5' title='bbox 739 226 820 280; x_wconf 86' lang='lat' dir='ltr'>con.</span> <span class='ocrx_word' id='word_1_6' title='bbox 839 214 875 277; x_wconf 89' lang='lat' dir='ltr'>u⁰</span> <span class='ocrx_word' id='word_1_7' title='bbox 892 222 1017 276; x_wconf 73' lang='lat' dir='ltr'>aarum.</span> <span class='ocrx_word' id='word_1_8' title='bbox 1191 204 1264 276; x_wconf 80' lang='lat'>597</span> 
     </span>
    </p>
   </div>
   <div class='ocr_carea' id='block_1_2' title="bbox 63 416 903 684">
    <p class='ocr_par' dir='ltr' id='par_1_2' title="bbox 63 416 903 684">
     <span class='ocr_line' id='line_1_2' title="bbox 67 416 401 485; baseline 0.003 -16"><span class='ocrx_word' id='word_1_9' title='bbox 67 416 107 470; x_wconf 85' lang='lat' dir='ltr'>De</span> <span class='ocrx_word' id='word_1_10' title='bbox 118 416 251 481; x_wconf 85' lang='lat' dir='ltr'>Loduico‚</span> <span class='ocrx_word' id='word_1_11' title='bbox 262 417 320 471; x_wconf 89' lang='lat' dir='ltr'>iilio</span> <span class='ocrx_word' id='word_1_12' title='bbox 333 417 401 485; x_wconf 83' lang='lat' dir='ltr'>ejus.</span> 
     </span>
     <span class='ocr_line' id='line_1_3' title="bbox 65 514 873 581; baseline -0.001 -14"><span class='ocrx_word' id='word_1_13' title='bbox 65 516 105 568; x_wconf 88' lang='lat' dir='ltr'>De</span> <span class='ocrx_word' id='word_1_14' title='bbox 117 516 206 570; x_wconf 88' lang='lat' dir='ltr'>tribus</span> <span class='ocrx_word' id='word_1_15' title='bbox 217 516 281 570; x_wconf 85' lang='lat' dir='ltr'>tiliis</span> <span class='ocrx_word' id='word_1_16' title='bbox 293 516 407 570; x_wconf 84' lang='lat' dir='ltr'>Loduici</span> <span class='ocrx_word' id='word_1_17' title='bbox 419 535 425 569; x_wconf 74' lang='grc' dir='ltr'>ε</span> <span class='ocrx_word' id='word_1_18' title='bbox 438 516 547 581; x_wconf 78' lang='lat' dir='ltr'>Kamlo,</span> <span class='ocrx_word' id='word_1_19' title='bbox 558 515 693 570; x_wconf 84' lang='lat' dir='ltr'>Lothario</span> <span class='ocrx_word' id='word_1_20' title='bbox 703 520 731 569; x_wconf 93' lang='lat' dir='ltr'>et</span> <span class='ocrx_word' id='word_1_21' title='bbox 742 514 873 569; x_wconf 84' lang='lat' dir='ltr'>Loduieo.</span> 
     </span>
     <span class='ocr_line' id='line_1_4' title="bbox 63 613 903 684; baseline -0.001 -17"><span class='ocrx_word' id='word_1_22' title='bbox 63 613 165 669; x_wconf 76' lang='lat' dir='ltr'>Mentio</span> <span class='ocrx_word' id='word_1_23' title='bbox 177 615 211 669; x_wconf 91' lang='lat' dir='ltr'>de</span> <span class='ocrx_word' id='word_1_24' title='bbox 224 615 305 669; x_wconf 86' lang='lat' dir='ltr'>beata</span> <span class='ocrx_word' id='word_1_25' title='bbox 316 615 477 684; x_wconf 77' lang='lat' dir='ltr'>Aldegunde</span> <span class='ocrx_word' id='word_1_26' title='bbox 487 621 514 669; x_wconf 89' lang='lat' dir='ltr'>et</span> <span class='ocrx_word' id='word_1_27' title='bbox 523 614 717 680; x_wconf 87' lang='lat' dir='ltr'>Waldedrude,</span> <span class='ocrx_word' id='word_1_28' title='bbox 729 629 825 667; x_wconf 88' lang='lat' dir='ltr'>sorore</span> <span class='ocrx_word' id='word_1_29' title='bbox 837 615 903 681; x_wconf 84' lang='lat' dir='ltr'>ejus.</span> 
     </span>
    </p>
   </div>
   <div class='ocr_carea' id='block_1_3' title="bbox 582 809 712 879">
    <p class='ocr_par' dir='ltr' id='par_1_3' title="bbox 582 809 712 879">
     <span class='ocr_line' id='line_1_5' title="bbox 582 809 712 879; baseline 0.008 -16"><span class='ocrx_word' id='word_1_30' title='bbox 582 809 654 878; x_wconf 79' lang='lat' dir='ltr'>[nu.</span> <span class='ocrx_word' id='word_1_31' title='bbox 672 812 712 879; x_wconf 69' lang='lat' dir='ltr'>a]</span> 
     </span>
    </p>
   </div>
   <div class='ocr_carea' id='block_1_4' title="bbox 33 956 1265 2512">
    <p class='ocr_par' dir='ltr' id='par_1_4' title="bbox 64 956 689 1015">
     <span class='ocr_line' id='line_1_6' title="bbox 64 956 689 1015; baseline 0.003 -4"><span class='ocrx_word' id='word_1_32' title='bbox 64 959 103 1011; x_wconf 84' lang='lat' dir='ltr'>De</span> <span class='ocrx_word' id='word_1_33' title='bbox 116 957 196 1011; x_wconf 85' lang='lat' dir='ltr'>initio</span> <span class='ocrx_word' id='word_1_34' title='bbox 208 956 426 1012; x_wconf 83' lang='lat' dir='ltr'>conversationis</span> <span class='ocrx_word' id='word_1_35' title='bbox 438 959 526 1015; x_wconf 79' lang='lat' dir='ltr'>beate</span> <span class='ocrx_word' id='word_1_36' title='bbox 537 956 689 1014; x_wconf 88' lang='lat' dir='ltr'>Gertrudis.</span> 
     </span>
    </p>

    <p class='ocr_par' dir='ltr' id='par_1_5' title="bbox 61 1055 1028 1127">
     <span class='ocr_line' id='line_1_7' title="bbox 61 1055 1028 1127; baseline 0 -18"><span class='ocrx_word' id='word_1_37' title='bbox 61 1055 123 1123; x_wconf 87' lang='lat' dir='ltr'>Quo</span> <span class='ocrx_word' id='word_1_38' title='bbox 135 1072 267 1126; x_wconf 85' lang='lat' dir='ltr'>responso</span> <span class='ocrx_word' id='word_1_39' title='bbox 280 1058 357 1111; x_wconf 82' lang='lat' dir='ltr'>ducis</span> <span class='ocrx_word' id='word_1_40' title='bbox 366 1057 452 1111; x_wconf 88' lang='lat' dir='ltr'>iilium</span> <span class='ocrx_word' id='word_1_41' title='bbox 465 1074 482 1110; x_wconf 87' lang='lat' dir='ltr'>a</span> <span class='ocrx_word' id='word_1_42' title='bbox 494 1075 557 1126; x_wconf 75' lang='lat' dir='ltr'>rege</span> <span class='ocrx_word' id='word_1_43' title='bbox 566 1059 722 1127; x_wconf 76' lang='lat' dir='ltr'>Dagoberto</span> <span class='ocrx_word' id='word_1_44' title='bbox 735 1058 859 1111; x_wconf 89' lang='lat' dir='ltr'>oblatum</span> <span class='ocrx_word' id='word_1_45' title='bbox 873 1058 1028 1127; x_wconf 82' lang='lat' dir='ltr'>reppulerit..</span> 
     </span>
    </p>

    <p class='ocr_par' dir='ltr' id='par_1_6' title="bbox 61 1155 890 1226">
     <span class='ocr_line' id='line_1_8' title="bbox 61 1155 890 1226; baseline 0 -17"><span class='ocrx_word' id='word_1_46' title='bbox 61 1155 143 1223; x_wconf 87' lang='lat' dir='ltr'>Quod</span> <span class='ocrx_word' id='word_1_47' title='bbox 155 1156 183 1209; x_wconf 93' lang='lat' dir='ltr'>in</span> <span class='ocrx_word' id='word_1_48' title='bbox 194 1156 340 1210; x_wconf 82' lang='lat' dir='ltr'>Franciam</span> <span class='ocrx_word' id='word_1_49' title='bbox 349 1156 520 1211; x_wconf 83' lang='lat' dir='ltr'>Orientalem</span> <span class='ocrx_word' id='word_1_50' title='bbox 531 1157 666 1212; x_wconf 84' lang='lat' dir='ltr'>eastitatis</span> <span class='ocrx_word' id='word_1_51' title='bbox 677 1173 773 1211; x_wconf 85' lang='lat' dir='ltr'>amore</span> <span class='ocrx_word' id='word_1_52' title='bbox 783 1156 890 1226; x_wconf 72' lang='lat' dir='ltr'>fugerit</span> 
     </span>
    </p>

    <p class='ocr_par' dir='ltr' id='par_1_7' title="bbox 62 1253 674 1324">
     <span class='ocr_line' id='line_1_9' title="bbox 62 1253 674 1324; baseline 0.002 -16"><span class='ocrx_word' id='word_1_53' title='bbox 62 1253 153 1321; x_wconf 86' lang='lat' dir='ltr'>Quam</span> <span class='ocrx_word' id='word_1_54' title='bbox 163 1255 325 1309; x_wconf 79' lang='lat' dir='ltr'>obedienter</span> <span class='ocrx_word' id='word_1_55' title='bbox 336 1262 413 1324; x_wconf 86' lang='lat' dir='ltr'>patre</span> <span class='ocrx_word' id='word_1_56' title='bbox 425 1256 555 1309; x_wconf 78' lang='lat' dir='ltr'>defuncto</span> <span class='ocrx_word' id='word_1_57' title='bbox 568 1255 674 1310; x_wconf 85' lang='lat' dir='ltr'>vixerit.</span> 
     </span>
    </p>

    <p class='ocr_par' dir='ltr' id='par_1_8' title="bbox 33 1353 1265 1507">
     <span class='ocr_line' id='line_1_10' title="bbox 62 1353 1265 1424; baseline 0 -17"><span class='ocrx_word' id='word_1_58' title='bbox 62 1353 138 1420; x_wconf 86' lang='lat' dir='ltr'>Quas</span> <span class='ocrx_word' id='word_1_59' title='bbox 158 1355 362 1423; x_wconf 79' lang='lat' dir='ltr'>persecutiones</span> <span class='ocrx_word' id='word_1_60' title='bbox 383 1355 516 1408; x_wconf 85' lang='lat' dir='ltr'>castitatis</span> <span class='ocrx_word' id='word_1_61' title='bbox 534 1371 629 1409; x_wconf 87' lang='lat' dir='ltr'>amore</span> <span class='ocrx_word' id='word_1_62' title='bbox 649 1370 712 1408; x_wconf 87' lang='lat' dir='ltr'>eum</span> <span class='ocrx_word' id='word_1_63' title='bbox 734 1360 822 1408; x_wconf 87' lang='lat' dir='ltr'>matre</span> <span class='ocrx_word' id='word_1_64' title='bbox 848 1354 1017 1418; x_wconf 77' lang='lat' dir='ltr'><strong>sustinuerit,</strong></span> <span class='ocrx_word' id='word_1_65' title='bbox 1035 1359 1063 1408; x_wconf 87' lang='lat' dir='ltr'>et</span> <span class='ocrx_word' id='word_1_66' title='bbox 1089 1356 1230 1424; x_wconf 88' lang='lat' dir='ltr'>quomodo</span> <span class='ocrx_word' id='word_1_67' title='bbox 1248 1372 1265 1407; x_wconf 88' lang='lat' dir='ltr'>a</span> 
     </span>
     <span class='ocr_line' id='line_1_11' title="bbox 33 1454 331 1507; baseline 0.007 -2"><span class='ocrx_word' id='word_1_68' title='bbox 33 1458 122 1506; x_wconf 80' lang='lat' dir='ltr'>matre</span> <span class='ocrx_word' id='word_1_69' title='bbox 135 1457 276 1506; x_wconf 84' lang='lat' dir='ltr'>tonsorato</span> <span class='ocrx_word' id='word_1_70' title='bbox 288 1454 331 1507; x_wconf 85' lang='lat' dir='ltr'>sit</span> 
     </span>
    </p>

    <p class='ocr_par' dir='ltr' id='par_1_9' title="bbox 62 1549 1050 1620">
     <span class='ocr_line' id='line_1_12' title="bbox 62 1549 1050 1620; baseline 0 -15"><span class='ocrx_word' id='word_1_71' title='bbox 62 1549 143 1618; x_wconf 87' lang='lat' dir='ltr'>Quod</span> <span class='ocrx_word' id='word_1_72' title='bbox 155 1568 171 1605; x_wconf 87' lang='lat' dir='ltr'>a</span> <span class='ocrx_word' id='word_1_73' title='bbox 183 1552 373 1605; x_wconf 85' lang='lat' dir='ltr'>sacerdotibus</span> <span class='ocrx_word' id='word_1_74' title='bbox 383 1551 431 1605; x_wconf 90' lang='lat' dir='ltr'>Dei</span> <span class='ocrx_word' id='word_1_75' title='bbox 440 1556 609 1615; x_wconf 83' lang='lat' dir='ltr'>consecrata,</span> <span class='ocrx_word' id='word_1_76' title='bbox 618 1551 730 1620; x_wconf 83' lang='lat' dir='ltr'>praeiata</span> <span class='ocrx_word' id='word_1_77' title='bbox 740 1552 775 1605; x_wconf 90' lang='lat' dir='ltr'>sit</span> <span class='ocrx_word' id='word_1_78' title='bbox 786 1551 1050 1606; x_wconf 83' lang='lat' dir='ltr'>sanctimonialibus.</span> 
     </span>
    </p>

    <p class='ocr_par' dir='ltr' id='par_1_10' title="bbox 63 1648 804 1718">
     <span class='ocr_line' id='line_1_13' title="bbox 63 1648 804 1718; baseline 0 -16"><span class='ocrx_word' id='word_1_79' title='bbox 63 1648 144 1715; x_wconf 88' lang='lat' dir='ltr'>Quod</span> <span class='ocrx_word' id='word_1_80' title='bbox 156 1655 281 1703; x_wconf 86' lang='lat' dir='ltr'>sanctum</span> <span class='ocrx_word' id='word_1_81' title='bbox 293 1650 446 1704; x_wconf 83' lang='lat' dir='ltr'>Foiilanunr</span> <span class='ocrx_word' id='word_1_82' title='bbox 459 1666 522 1703; x_wconf 87' lang='lat' dir='ltr'>eum</span> <span class='ocrx_word' id='word_1_83' title='bbox 535 1649 617 1703; x_wconf 83' lang='lat' dir='ltr'>sociis</span> <span class='ocrx_word' id='word_1_84' title='bbox 625 1650 683 1703; x_wconf 88' lang='lat' dir='ltr'>suis</span> <span class='ocrx_word' id='word_1_85' title='bbox 695 1649 804 1718; x_wconf 87' lang='lat' dir='ltr'>recepit.</span> 
     </span>
    </p>

    <p class='ocr_par' dir='ltr' id='par_1_11' title="bbox 62 1748 1105 1819">
     <span class='ocr_line' id='line_1_14' title="bbox 62 1748 1105 1819; baseline 0.002 -17"><span class='ocrx_word' id='word_1_86' title='bbox 62 1749 152 1816; x_wconf 89' lang='lat' dir='ltr'>Quod,</span> <span class='ocrx_word' id='word_1_87' title='bbox 162 1749 263 1819; x_wconf 82' lang='lat' dir='ltr'>partito</span> <span class='ocrx_word' id='word_1_88' title='bbox 273 1749 301 1802; x_wconf 89' lang='lat' dir='ltr'>in</span> <span class='ocrx_word' id='word_1_89' title='bbox 311 1749 380 1804; x_wconf 82' lang='lat' dir='ltr'>elias</span> <span class='ocrx_word' id='word_1_90' title='bbox 392 1764 484 1813; x_wconf 87' lang='lat' dir='ltr'>onere,</span> <span class='ocrx_word' id='word_1_91' title='bbox 496 1749 638 1803; x_wconf 76' lang='lat' dir='ltr'>tradiderit</span> <span class='ocrx_word' id='word_1_92' title='bbox 649 1753 682 1803; x_wconf 82' lang='lat' dir='ltr'>ee&#39;</span> <span class='ocrx_word' id='word_1_93' title='bbox 690 1748 803 1804; x_wconf 86' lang='lat' dir='ltr'>lectioni</span> <span class='ocrx_word' id='word_1_94' title='bbox 813 1753 841 1802; x_wconf 87' lang='lat' dir='ltr'>et</span> <span class='ocrx_word' id='word_1_95' title='bbox 850 1748 1024 1817; x_wconf 75' lang='lat' dir='ltr'>speculativae</span> <span class='ocrx_word' id='word_1_96' title='bbox 1034 1750 1105 1804; x_wconf 70' lang='lat' dir='ltr'>vitae.</span> 
     </span>
    </p>

    <p class='ocr_par' dir='ltr' id='par_1_12' title="bbox 63 1847 755 1917">
     <span class='ocr_line' id='line_1_15' title="bbox 63 1847 755 1917; baseline 0 -17"><span class='ocrx_word' id='word_1_97' title='bbox 63 1848 103 1900; x_wconf 88' lang='lat' dir='ltr'>De</span> <span class='ocrx_word' id='word_1_98' title='bbox 115 1847 222 1916; x_wconf 83' lang='lat' dir='ltr'>sphaera</span> <span class='ocrx_word' id='word_1_99' title='bbox 235 1848 313 1917; x_wconf 75' lang='lat' dir='ltr'>ignea</span> <span class='ocrx_word' id='word_1_100' title='bbox 323 1864 384 1917; x_wconf 68' lang='lat' dir='ltr'>quae</span> <span class='ocrx_word' id='word_1_101' title='bbox 393 1847 432 1900; x_wconf 88' lang='lat' dir='ltr'>ilii</span> <span class='ocrx_word' id='word_1_102' title='bbox 444 1849 472 1901; x_wconf 92' lang='lat' dir='ltr'>in</span> <span class='ocrx_word' id='word_1_103' title='bbox 481 1847 605 1901; x_wconf 88' lang='lat' dir='ltr'>oratione</span> <span class='ocrx_word' id='word_1_104' title='bbox 617 1847 755 1916; x_wconf 86' lang='lat' dir='ltr'>apparuit.</span> 
     </span>
    </p>

    <p class='ocr_par' dir='ltr' id='par_1_13' title="bbox 62 1946 1021 2017">
     <span class='ocr_line' id='line_1_16' title="bbox 62 1946 1021 2017; baseline -0.002 -16"><span class='ocrx_word' id='word_1_105' title='bbox 62 1949 101 2001; x_wconf 86' lang='lat' dir='ltr'>De</span> <span class='ocrx_word' id='word_1_106' title='bbox 114 1948 210 2016; x_wconf 79' lang='lat' dir='ltr'>legatis</span> <span class='ocrx_word' id='word_1_107' title='bbox 222 1966 238 2001; x_wconf 87' lang='lat' dir='ltr'>a</span> <span class='ocrx_word' id='word_1_108' title='bbox 251 1952 413 2017; x_wconf 72' lang='lat' dir='ltr'>tempestate</span> <span class='ocrx_word' id='word_1_109' title='bbox 426 1951 453 2000; x_wconf 90' lang='lat' dir='ltr'>et</span> <span class='ocrx_word' id='word_1_110' title='bbox 464 1947 547 2000; x_wconf 88' lang='lat' dir='ltr'>belua</span> <span class='ocrx_word' id='word_1_111' title='bbox 555 1947 684 2000; x_wconf 84' lang='lat' dir='ltr'>invocato</span> <span class='ocrx_word' id='word_1_112' title='bbox 693 1946 754 2014; x_wconf 86' lang='lat' dir='ltr'>ejus</span> <span class='ocrx_word' id='word_1_113' title='bbox 766 1947 878 2000; x_wconf 88' lang='lat' dir='ltr'>nomine</span> <span class='ocrx_word' id='word_1_114' title='bbox 889 1946 1021 2001; x_wconf 87' lang='lat' dir='ltr'>liberatis.</span> 
     </span>
    </p>

    <p class='ocr_par' dir='ltr' id='par_1_14' title="bbox 64 2047 828 2118">
     <span class='ocr_line' id='line_1_17' title="bbox 64 2047 828 2118; baseline 0 -17"><span class='ocrx_word' id='word_1_115' title='bbox 64 2047 211 2114; x_wconf 86' lang='lat' dir='ltr'>Quomodo</span> <span class='ocrx_word' id='word_1_116' title='bbox 221 2065 320 2118; x_wconf 83' lang='lat' dir='ltr'>corpus</span> <span class='ocrx_word' id='word_1_117' title='bbox 331 2050 404 2103; x_wconf 90' lang='lat' dir='ltr'>beati</span> <span class='ocrx_word' id='word_1_118' title='bbox 418 2049 533 2104; x_wconf 78' lang='lat' dir='ltr'>Foillani</span> <span class='ocrx_word' id='word_1_119' title='bbox 545 2049 674 2117; x_wconf 78' lang='lat' dir='ltr'>martyris</span> <span class='ocrx_word' id='word_1_120' title='bbox 686 2048 828 2103; x_wconf 85' lang='lat' dir='ltr'>invenerit.</span> 
     </span>
    </p>

    <p class='ocr_par' dir='ltr' id='par_1_15' title="bbox 64 2147 1153 2216">
     <span class='ocr_line' id='line_1_18' title="bbox 64 2147 1153 2216; baseline 0 -16"><span class='ocrx_word' id='word_1_121' title='bbox 64 2148 144 2214; x_wconf 73' lang='lat' dir='ltr'>Quod</span> <span class='ocrx_word' id='word_1_122' title='bbox 157 2147 278 2202; x_wconf 84' lang='lat' dir='ltr'>revelato</span> <span class='ocrx_word' id='word_1_123' title='bbox 291 2148 342 2201; x_wconf 87' lang='lat' dir='ltr'>sibi</span> <span class='ocrx_word' id='word_1_124' title='bbox 354 2149 433 2202; x_wconf 89' lang='lat' dir='ltr'>obitu</span> <span class='ocrx_word' id='word_1_125' title='bbox 444 2165 495 2202; x_wconf 87' lang='lat' dir='ltr'>suo</span> <span class='ocrx_word' id='word_1_126' title='bbox 507 2148 678 2202; x_wconf 82' lang='lat' dir='ltr'>Wolsedrudi</span> <span class='ocrx_word' id='word_1_127' title='bbox 690 2147 855 2216; x_wconf 84' lang='lat' dir='ltr'>pastoralem</span> <span class='ocrx_word' id='word_1_128' title='bbox 868 2162 962 2201; x_wconf 82' lang='lat' dir='ltr'>curam</span> <span class='ocrx_word' id='word_1_129' title='bbox 975 2147 1153 2200; x_wconf 78' lang='lat' dir='ltr'>commiserit.</span> 
     </span>
    </p>

    <p class='ocr_par' dir='ltr' id='par_1_16' title="bbox 65 2247 487 2316">
     <span class='ocr_line' id='line_1_19' title="bbox 65 2247 487 2316; baseline 0 -16"><span class='ocrx_word' id='word_1_130' title='bbox 65 2247 104 2300; x_wconf 90' lang='lat' dir='ltr'>De</span> <span class='ocrx_word' id='word_1_131' title='bbox 116 2247 296 2316; x_wconf 79' lang='lat' dir='ltr'>dispositione</span> <span class='ocrx_word' id='word_1_132' title='bbox 304 2247 409 2301; x_wconf 85' lang='lat' dir='ltr'>funeris</span> <span class='ocrx_word' id='word_1_133' title='bbox 420 2248 487 2313; x_wconf 76' lang='lat' dir='ltr'>ejus</span> 
     </span>
    </p>

    <p class='ocr_par' dir='ltr' id='par_1_17' title="bbox 65 2345 1098 2415">
     <span class='ocr_line' id='line_1_20' title="bbox 65 2345 1098 2415; baseline -0.001 -17"><span class='ocrx_word' id='word_1_134' title='bbox 65 2347 104 2399; x_wconf 89' lang='lat' dir='ltr'>De</span> <span class='ocrx_word' id='word_1_135' title='bbox 114 2363 229 2400; x_wconf 81' lang='lat' dir='ltr'>occursu</span> <span class='ocrx_word' id='word_1_136' title='bbox 242 2346 329 2400; x_wconf 88' lang='lat' dir='ltr'>saneti</span> <span class='ocrx_word' id='word_1_137' title='bbox 342 2347 446 2400; x_wconf 88' lang='lat' dir='ltr'>Patritii</span> <span class='ocrx_word' id='word_1_138' title='bbox 457 2347 594 2415; x_wconf 83' lang='lat' dir='ltr'>promisso</span> <span class='ocrx_word' id='word_1_139' title='bbox 608 2346 662 2399; x_wconf 80' lang='lat' dir='ltr'>sibi</span> <span class='ocrx_word' id='word_1_140' title='bbox 674 2345 701 2399; x_wconf 91' lang='lat' dir='ltr'>in</span> <span class='ocrx_word' id='word_1_141' title='bbox 714 2345 789 2399; x_wconf 80' lang='lat' dir='ltr'>exitu</span> <span class='ocrx_word' id='word_1_142' title='bbox 801 2362 852 2400; x_wconf 89' lang='lat' dir='ltr'>suo</span> <span class='ocrx_word' id='word_1_143' title='bbox 865 2362 881 2397; x_wconf 81' lang='lat' dir='ltr'>a</span> <span class='ocrx_word' id='word_1_144' title='bbox 895 2346 975 2399; x_wconf 84' lang='lat' dir='ltr'>beato</span> <span class='ocrx_word' id='word_1_145' title='bbox 988 2345 1098 2400; x_wconf 85' lang='lat' dir='ltr'>Ultano.</span> 
     </span>
    </p>

    <p class='ocr_par' dir='ltr' id='par_1_18' title="bbox 63 2445 654 2512">
     <span class='ocr_line' id='line_1_21' title="bbox 63 2445 654 2512; baseline 0 -15"><span class='ocrx_word' id='word_1_146' title='bbox 63 2446 103 2498; x_wconf 88' lang='lat' dir='ltr'>De</span> <span class='ocrx_word' id='word_1_147' title='bbox 116 2446 193 2499; x_wconf 89' lang='lat' dir='ltr'>obitu</span> <span class='ocrx_word' id='word_1_148' title='bbox 202 2446 261 2512; x_wconf 86' lang='lat' dir='ltr'>ejus</span> <span class='ocrx_word' id='word_1_149' title='bbox 271 2452 298 2499; x_wconf 84' lang='lat' dir='ltr'>et</span> <span class='ocrx_word' id='word_1_150' title='bbox 310 2446 409 2499; x_wconf 73' lang='lat' dir='ltr'>diffuso</span> <span class='ocrx_word' id='word_1_151' title='bbox 418 2445 549 2499; x_wconf 85' lang='lat' dir='ltr'>diuinitus</span> <span class='ocrx_word' id='word_1_152' title='bbox 561 2445 654 2498; x_wconf 85' lang='lat' dir='ltr'>odore.</span> 
     </span>
    </p>
   </div>
   <div class='ocr_carea' id='block_1_5' title="bbox 581 2640 720 2710">
    <p class='ocr_par' dir='ltr' id='par_1_19' title="bbox 581 2640 720 2710">
     <span class='ocr_line' id='line_1_22' title="bbox 581 2640 720 2710; baseline -0.007 -15"><span class='ocrx_word' id='word_1_153' title='bbox 581 2641 650 2709; x_wconf 77' lang='lat' dir='ltr'>lLib.</span> <span class='ocrx_word' id='word_1_154' title='bbox 669 2640 720 2710; x_wconf 78' lang='lat' dir='ltr'>un]</span> 
     </span>
    </p>
   </div>
   <div class='ocr_carea' id='block_1_6' title="bbox 61 2790 1178 3536">
    <p class='ocr_par' dir='ltr' id='par_1_20' title="bbox 63 2790 736 2859">
     <span class='ocr_line' id='line_1_23' title="bbox 63 2790 736 2859; baseline -0.001 -15"><span class='ocrx_word' id='word_1_155' title='bbox 63 2790 143 2859; x_wconf 87' lang='lat' dir='ltr'>Quod</span> <span class='ocrx_word' id='word_1_156' title='bbox 156 2791 184 2844; x_wconf 92' lang='lat' dir='ltr'>iu</span> <span class='ocrx_word' id='word_1_157' title='bbox 196 2791 274 2845; x_wconf 86' lang='lat' dir='ltr'>obitu</span> <span class='ocrx_word' id='word_1_158' title='bbox 282 2807 333 2845; x_wconf 92' lang='lat' dir='ltr'>suo</span> <span class='ocrx_word' id='word_1_159' title='bbox 347 2796 448 2844; x_wconf 63' lang='lat' dir='ltr'>sanctie</span> <span class='ocrx_word' id='word_1_160' title='bbox 460 2790 589 2844; x_wconf 68' lang='lat' dir='ltr'>Modesto</span> <span class='ocrx_word' id='word_1_161' title='bbox 602 2792 736 2859; x_wconf 85' lang='lat' dir='ltr'>apparuit.</span> 
     </span>
    </p>

    <p class='ocr_par' dir='ltr' id='par_1_21' title="bbox 64 2889 663 2960">
     <span class='ocr_line' id='line_1_24' title="bbox 64 2889 663 2960; baseline 0 -17"><span class='ocrx_word' id='word_1_162' title='bbox 64 2891 103 2943; x_wconf 87' lang='lat' dir='ltr'>De</span> <span class='ocrx_word' id='word_1_163' title='bbox 114 2890 217 2960; x_wconf 88' lang='lat' dir='ltr'>templo</span> <span class='ocrx_word' id='word_1_164' title='bbox 227 2907 275 2959; x_wconf 88' lang='lat' dir='ltr'>per</span> <span class='ocrx_word' id='word_1_165' title='bbox 284 2908 345 2944; x_wconf 87' lang='lat' dir='ltr'>eam</span> <span class='ocrx_word' id='word_1_166' title='bbox 355 2891 391 2943; x_wconf 91' lang='lat' dir='ltr'>ab</span> <span class='ocrx_word' id='word_1_167' title='bbox 401 2890 528 2943; x_wconf 90' lang='lat' dir='ltr'>incendio</span> <span class='ocrx_word' id='word_1_168' title='bbox 537 2889 663 2943; x_wconf 88' lang='lat' dir='ltr'>liberato.</span> 
     </span>
    </p>

    <p class='ocr_par' dir='ltr' id='par_1_22' title="bbox 62 2985 1064 3056">
     <span class='ocr_line' id='line_1_25' title="bbox 62 2985 1064 3056; baseline -0.002 -15"><span class='ocrx_word' id='word_1_169' title='bbox 62 2987 143 3054; x_wconf 86' lang='lat' dir='ltr'>Quod</span> <span class='ocrx_word' id='word_1_170' title='bbox 150 2987 261 3055; x_wconf 87' lang='lat' dir='ltr'>jusserit</span> <span class='ocrx_word' id='word_1_171' title='bbox 273 3004 307 3040; x_wconf 93' lang='lat' dir='ltr'>ne</span> <span class='ocrx_word' id='word_1_172' title='bbox 317 2987 344 3040; x_wconf 89' lang='lat' dir='ltr'>in</span> <span class='ocrx_word' id='word_1_173' title='bbox 355 2987 426 3041; x_wconf 87' lang='lat' dir='ltr'>lecto</span> <span class='ocrx_word' id='word_1_174' title='bbox 436 2987 496 3054; x_wconf 85' lang='lat' dir='ltr'>ejus</span> <span class='ocrx_word' id='word_1_175' title='bbox 504 2985 652 3054; x_wconf 80' lang='lat' dir='ltr'>quisquam</span> <span class='ocrx_word' id='word_1_176' title='bbox 666 2985 737 3039; x_wconf 86' lang='lat' dir='ltr'>ultra</span> <span class='ocrx_word' id='word_1_177' title='bbox 746 2986 867 3040; x_wconf 82' lang='lat' dir='ltr'>dormire</span> <span class='ocrx_word' id='word_1_178' title='bbox 878 2992 1064 3056; x_wconf 71' lang='lat' dir='ltr'>praesumeret.</span> 
     </span>
    </p>

    <p class='ocr_par' dir='ltr' id='par_1_23' title="bbox 62 3085 833 3156">
     <span class='ocr_line' id='line_1_26' title="bbox 62 3085 833 3156; baseline -0.001 -16"><span class='ocrx_word' id='word_1_179' title='bbox 62 3087 101 3140; x_wconf 87' lang='lat' dir='ltr'>De</span> <span class='ocrx_word' id='word_1_180' title='bbox 113 3086 204 3156; x_wconf 85' lang='lat' dir='ltr'>puella</span> <span class='ocrx_word' id='word_1_181' title='bbox 215 3086 298 3139; x_wconf 85' lang='lat' dir='ltr'>debili</span> <span class='ocrx_word' id='word_1_182' title='bbox 311 3091 339 3139; x_wconf 83' lang='lat' dir='ltr'>ei</span> <span class='ocrx_word' id='word_1_183' title='bbox 347 3102 419 3138; x_wconf 76' lang='lat' dir='ltr'>caeca</span> <span class='ocrx_word' id='word_1_184' title='bbox 430 3086 465 3139; x_wconf 89' lang='lat' dir='ltr'>ab</span> <span class='ocrx_word' id='word_1_185' title='bbox 477 3101 511 3138; x_wconf 85' lang='lat' dir='ltr'>ee</span> <span class='ocrx_word' id='word_1_186' title='bbox 522 3091 617 3138; x_wconf 85' lang='lat' dir='ltr'>sanata</span> <span class='ocrx_word' id='word_1_187' title='bbox 631 3090 659 3139; x_wconf 90' lang='lat' dir='ltr'>et</span> <span class='ocrx_word' id='word_1_188' title='bbox 671 3085 833 3139; x_wconf 88' lang='lat' dir='ltr'>illuminata.</span> 
     </span>
    </p>

    <p class='ocr_par' dir='ltr' id='par_1_24' title="bbox 61 3183 1178 3340">
     <span class='ocr_line' id='line_1_27' title="bbox 61 3183 1178 3253; baseline -0.001 -14"><span class='ocrx_word' id='word_1_189' title='bbox 61 3187 101 3239; x_wconf 86' lang='lat' dir='ltr'>De</span> <span class='ocrx_word' id='word_1_190' title='bbox 110 3187 223 3240; x_wconf 87' lang='lat' dir='ltr'>basilica</span> <span class='ocrx_word' id='word_1_191' title='bbox 236 3187 408 3240; x_wconf 90' lang='lat' dir='ltr'>inhonorem</span> <span class='ocrx_word' id='word_1_192' title='bbox 421 3185 480 3253; x_wconf 87' lang='lat' dir='ltr'>ejus</span> <span class='ocrx_word' id='word_1_193' title='bbox 489 3184 624 3238; x_wconf 82' lang='lat' dir='ltr'>aediiieata</span> <span class='ocrx_word' id='word_1_194' title='bbox 635 3189 663 3238; x_wconf 91' lang='lat' dir='ltr'>et</span> <span class='ocrx_word' id='word_1_195' title='bbox 676 3184 708 3239; x_wconf 92' lang='lat' dir='ltr'>de</span> <span class='ocrx_word' id='word_1_196' title='bbox 721 3184 895 3253; x_wconf 78' lang='lat' dir='ltr'>lampadibus</span> <span class='ocrx_word' id='word_1_197' title='bbox 908 3183 1039 3238; x_wconf 76' lang='lat' dir='ltr'>diuinitus</span> <span class='ocrx_word' id='word_1_198' title='bbox 1048 3185 1178 3239; x_wconf 76' lang='lat' dir='ltr'>accensis.</span> 
     </span>
     <span class='ocr_line' id='line_1_28' title="bbox 62 3285 486 3340; baseline -0.009 0"><span class='ocrx_word' id='word_1_199' title='bbox 62 3287 101 3340; x_wconf 88' lang='lat' dir='ltr'>De</span> <span class='ocrx_word' id='word_1_200' title='bbox 114 3286 227 3339; x_wconf 83' lang='lat' dir='ltr'>muliere</span> <span class='ocrx_word' id='word_1_201' title='bbox 240 3301 310 3339; x_wconf 67' lang='lat' dir='ltr'>caeca</span> <span class='ocrx_word' id='word_1_202' title='bbox 324 3285 486 3340; x_wconf 73' lang='lat' dir='ltr'>dluminatu.</span> 
     </span>
    </p>

    <p class='ocr_par' dir='ltr' id='par_1_25' title="bbox 61 3382 654 3453">
     <span class='ocr_line' id='line_1_29' title="bbox 61 3382 654 3453; baseline -0.002 -16"><span class='ocrx_word' id='word_1_203' title='bbox 61 3386 101 3437; x_wconf 80' lang='lat' dir='ltr'>lie</span> <span class='ocrx_word' id='word_1_204' title='bbox 113 3400 198 3453; x_wconf 89' lang='lat' dir='ltr'>puero</span> <span class='ocrx_word' id='word_1_205' title='bbox 210 3400 226 3437; x_wconf 84' lang='lat' dir='ltr'>a</span> <span class='ocrx_word' id='word_1_206' title='bbox 239 3383 355 3437; x_wconf 80' lang='lat' dir='ltr'>vinculis</span> <span class='ocrx_word' id='word_1_207' title='bbox 365 3383 503 3436; x_wconf 86' lang='lat' dir='ltr'>latronum</span> <span class='ocrx_word' id='word_1_208' title='bbox 516 3382 654 3436; x_wconf 85' lang='lat' dir='ltr'>absoluto.</span> 
     </span>
    </p>

    <p class='ocr_par' dir='ltr' id='par_1_26' title="bbox 62 3480 640 3536">
     <span class='ocr_line' id='line_1_30' title="bbox 62 3480 640 3536; baseline -0.005 0"><span class='ocrx_word' id='word_1_209' title='bbox 62 3484 102 3535; x_wconf 89' lang='lat' dir='ltr'>De</span> <span class='ocrx_word' id='word_1_210' title='bbox 111 3500 192 3536; x_wconf 79' lang='lat' dir='ltr'>servo</span> <span class='ocrx_word' id='word_1_211' title='bbox 204 3500 220 3535; x_wconf 99' lang='lat' dir='ltr'>a</span> <span class='ocrx_word' id='word_1_212' title='bbox 232 3484 325 3536; x_wconf 85' lang='lat' dir='ltr'>surore</span> <span class='ocrx_word' id='word_1_213' title='bbox 340 3481 446 3535; x_wconf 89' lang='lat' dir='ltr'>domini</span> <span class='ocrx_word' id='word_1_214' title='bbox 459 3481 502 3534; x_wconf 86' lang='lat' dir='ltr'>sui</span> <span class='ocrx_word' id='word_1_215' title='bbox 513 3480 640 3535; x_wconf 78' lang='lat' dir='ltr'>liberato,</span> 
     </span>
    </p>
   </div>
   <div class='ocr_carea' id='block_1_7' title="bbox 60 3578 824 3944">
    <p class='ocr_par' dir='ltr' id='par_1_27' title="bbox 61 3578 824 3750">
     <span class='ocr_line' id='line_1_31' title="bbox 61 3578 824 3650; baseline -0.005 -16"><span class='ocrx_word' id='word_1_216' title='bbox 61 3583 100 3634; x_wconf 86' lang='lat' dir='ltr'>[te</span> <span class='ocrx_word' id='word_1_217' title='bbox 110 3587 186 3650; x_wconf 84' lang='lat' dir='ltr'>parte</span> <span class='ocrx_word' id='word_1_218' title='bbox 198 3581 290 3635; x_wconf 82' lang='lat' dir='ltr'>lectuli</span> <span class='ocrx_word' id='word_1_219' title='bbox 302 3587 330 3634; x_wconf 88' lang='lat' dir='ltr'>et</span> <span class='ocrx_word' id='word_1_220' title='bbox 338 3580 460 3648; x_wconf 81' lang='lat' dir='ltr'>reliquiis</span> <span class='ocrx_word' id='word_1_221' title='bbox 472 3580 560 3633; x_wconf 73' lang='lat' dir='ltr'>beatae</span> <span class='ocrx_word' id='word_1_222' title='bbox 572 3578 667 3648; x_wconf 78' lang='lat' dir='ltr'>Beggae</span> <span class='ocrx_word' id='word_1_223' title='bbox 679 3578 824 3632; x_wconf 76' lang='lat' dir='ltr'>concessis,</span> 
     </span>
     <span class='ocr_line' id='line_1_32' title="bbox 62 3658 689 3750; baseline -0.006 -17"><span class='ocrx_word' id='word_1_224' title='bbox 62 3658 101 3733; x_wconf 85' lang='lat' dir='ltr'>De</span> <span class='ocrx_word' id='word_1_225' title='bbox 114 3698 198 3750; x_wconf 85' lang='lat' dir='ltr'>puero</span> <span class='ocrx_word' id='word_1_226' title='bbox 210 3682 237 3735; x_wconf 92' lang='lat' dir='ltr'>in</span> <span class='ocrx_word' id='word_1_227' title='bbox 248 3682 324 3733; x_wconf 84' lang='lat' dir='ltr'>sonte</span> <span class='ocrx_word' id='word_1_228' title='bbox 335 3681 471 3733; x_wconf 79' lang='lat' dir='ltr'>suffocato</span> <span class='ocrx_word' id='word_1_229' title='bbox 482 3684 510 3731; x_wconf 85' lang='lat' dir='ltr'>et</span> <span class='ocrx_word' id='word_1_230' title='bbox 519 3678 689 3731; x_wconf 86' lang='lat' dir='ltr'>resuscitato.</span> 
     </span>
    </p>

    <p class='ocr_par' dir='ltr' id='par_1_28' title="bbox 61 3776 575 3846">
     <span class='ocr_line' id='line_1_33' title="bbox 61 3776 575 3846; baseline -0.002 -17"><span class='ocrx_word' id='word_1_231' title='bbox 61 3778 101 3830; x_wconf 88' lang='lat' dir='ltr'>De</span> <span class='ocrx_word' id='word_1_232' title='bbox 113 3778 202 3846; x_wconf 80' lang='lat' dir='ltr'>puella</span> <span class='ocrx_word' id='word_1_233' title='bbox 214 3794 287 3830; x_wconf 72' lang='lat' dir='ltr'>caeca</span> <span class='ocrx_word' id='word_1_234' title='bbox 298 3782 363 3830; x_wconf 85' lang='lat' dir='ltr'>nata</span> <span class='ocrx_word' id='word_1_235' title='bbox 373 3783 400 3831; x_wconf 93' lang='lat' dir='ltr'>et</span> <span class='ocrx_word' id='word_1_236' title='bbox 413 3776 575 3830; x_wconf 84' lang='lat' dir='ltr'>illuminata.</span> 
     </span>
    </p>

    <p class='ocr_par' dir='ltr' id='par_1_29' title="bbox 60 3877 502 3944">
     <span class='ocr_line' id='line_1_34' title="bbox 60 3877 502 3944; baseline -0.005 -14"><span class='ocrx_word' id='word_1_237' title='bbox 60 3878 99 3930; x_wconf 91' lang='lat' dir='ltr'>De</span> <span class='ocrx_word' id='word_1_238' title='bbox 112 3877 202 3944; x_wconf 81' lang='lat' dir='ltr'>puelia</span> <span class='ocrx_word' id='word_1_239' title='bbox 214 3882 356 3930; x_wconf 84' lang='lat' dir='ltr'>contracta</span> <span class='ocrx_word' id='word_1_240' title='bbox 365 3882 392 3930; x_wconf 91' lang='lat' dir='ltr'>et</span> <span class='ocrx_word' id='word_1_241' title='bbox 402 3882 502 3930; x_wconf 84' lang='lat' dir='ltr'>erecta.</span> 
     </span>
    </p>
   </div>
   <div class='ocr_carea' id='block_1_8' title="bbox 26 4088 1261 4454">
    <p class='ocr_par' dir='ltr' id='par_1_30' title="bbox 60 4088 1094 4158">
     <span class='ocr_line' id='line_1_35' title="bbox 60 4088 1094 4158; baseline -0.003 -14"><span class='ocrx_word' id='word_1_242' title='bbox 60 4091 196 4144; x_wconf 67' lang='lat' dir='ltr'>Praeterea</span> <span class='ocrx_word' id='word_1_243' title='bbox 208 4091 267 4143; x_wconf 85' lang='lat' dir='ltr'>haec</span> <span class='ocrx_word' id='word_1_244' title='bbox 279 4090 401 4143; x_wconf 85' lang='lat' dir='ltr'>notanda</span> <span class='ocrx_word' id='word_1_245' title='bbox 410 4088 569 4143; x_wconf 82' lang='lat' dir='ltr'>discrimina</span> <span class='ocrx_word' id='word_1_246' title='bbox 580 4089 710 4143; x_wconf 84' lang='lat' dir='ltr'>editionis</span> <span class='ocrx_word' id='word_1_247' title='bbox 721 4089 896 4158; x_wconf 75' lang='lat' dir='ltr'>Hyekelianae</span> <span class='ocrx_word' id='word_1_248' title='bbox 908 4105 970 4142; x_wconf 88' lang='lat' dir='ltr'>cum</span> <span class='ocrx_word' id='word_1_249' title='bbox 984 4088 1094 4143; x_wconf 87' lang='lat' dir='ltr'>codice:</span> 
     </span>
    </p>

    <p class='ocr_par' dir='ltr' id='par_1_31' title="bbox 60 4187 1095 4265">
     <span class='ocr_line' id='line_1_36' title="bbox 60 4187 1095 4265; baseline -0.002 -23"><span class='ocrx_word' id='word_1_250' title='bbox 60 4189 123 4258; x_wconf 68' lang='lat' dir='ltr'>Peg⁴</span> <span class='ocrx_word' id='word_1_251' title='bbox 135 4190 182 4242; x_wconf 69' lang='lat'>11⁶2</span> <span class='ocrx_word' id='word_1_252' title='bbox 194 4188 250 4243; x_wconf 82' lang='lat' dir='ltr'>init</span> <span class='ocrx_word' id='word_1_253' title='bbox 263 4188 371 4265; x_wconf 82' lang='lat' dir='ltr'>piuasis</span> <span class='ocrx_word' id='word_1_254' title='bbox 383 4207 389 4240; x_wconf 73' lang='grc' dir='ltr'><strong>ι</strong></span> <span class='ocrx_word' id='word_1_255' title='bbox 405 4189 491 4256; x_wconf 81' lang='lat' dir='ltr'>Usque</span> <span class='ocrx_word' id='word_1_256' title='bbox 502 4190 539 4241; x_wconf 87' lang='lat' dir='ltr'>od</span> <span class='ocrx_word' id='word_1_257' title='bbox 552 4190 581 4243; x_wconf 83' lang='lat' dir='ltr'>id</span> <span class='ocrx_word' id='word_1_258' title='bbox 588 4189 917 4255; x_wconf 69' lang='lat' dir='ltr'>tempuetaudemimbere</span> <span class='ocrx_word' id='word_1_259' title='bbox 928 4204 983 4241; x_wconf 82' lang='lat' dir='ltr'>our.</span> <span class='ocrx_word' id='word_1_260' title='bbox 994 4187 1023 4240; x_wconf 89' lang='lat' dir='ltr'>in</span> <span class='ocrx_word' id='word_1_261' title='bbox 1035 4188 1095 4241; x_wconf 88' lang='lat' dir='ltr'>cod.</span> 
     </span>
    </p>

    <p class='ocr_par' dir='ltr' id='par_1_32' title="bbox 26 4285 1261 4454">
     <span class='ocr_line' id='line_1_37' title="bbox 60 4285 1261 4356; baseline -0.001 -15"><span class='ocrx_word' id='word_1_262' title='bbox 60 4288 113 4342; x_wconf 83' lang='lat' dir='ltr'>Pro</span> <span class='ocrx_word' id='word_1_263' title='bbox 125 4288 158 4341; x_wconf 87' lang='lat' dir='ltr'>iis</span> <span class='ocrx_word' id='word_1_264' title='bbox 169 4304 231 4356; x_wconf 73' lang='lat' dir='ltr'>quae</span> <span class='ocrx_word' id='word_1_265' title='bbox 250 4287 377 4356; x_wconf 75' lang='lat' dir='ltr'>leguntur</span> <span class='ocrx_word' id='word_1_266' title='bbox 389 4303 449 4354; x_wconf 75' lang='lat' dir='ltr'>pag.</span> <span class='ocrx_word' id='word_1_267' title='bbox 468 4287 523 4349; x_wconf 70' lang='lat' dir='ltr'>ild,</span> <span class='ocrx_word' id='word_1_268' title='bbox 539 4286 585 4340; x_wconf 91' lang='lat' dir='ltr'>lin.</span> <span class='ocrx_word' id='word_1_269' title='bbox 599 4285 750 4355; x_wconf 86' lang='lat' dir='ltr'>penultima</span> <span class='ocrx_word' id='word_1_270' title='bbox 768 4286 906 4355; x_wconf 85' lang='lat' dir='ltr'>usquead</span> <span class='ocrx_word' id='word_1_271' title='bbox 925 4302 985 4355; x_wconf 74' lang='lat' dir='ltr'>pag.</span> <span class='ocrx_word' id='word_1_272' title='bbox 999 4287 1055 4350; x_wconf 86' lang='lat'>113,</span> <span class='ocrx_word' id='word_1_273' title='bbox 1073 4285 1120 4339; x_wconf 90' lang='lat' dir='ltr'>lin.</span> <span class='ocrx_word' id='word_1_274' title='bbox 1139 4287 1166 4338; x_wconf 90' lang='lat' dir='ltr'>il</span> <span class='ocrx_word' id='word_1_275' title='bbox 1187 4287 1261 4349; x_wconf 76' lang='lat' dir='ltr'>(Hoc</span> 
     </span>
     <span class='ocr_line' id='line_1_38' title="bbox 26 4385 479 4454; baseline -0.004 -14"><span class='ocrx_word' id='word_1_276' title='bbox 26 4387 203 4440; x_wconf 73' lang='lat' dir='ltr'>cernens-Dei</span> <span class='ocrx_word' id='word_1_277' title='bbox 214 4389 302 4452; x_wconf 79' lang='lat' dir='ltr'>timor,</span> <span class='ocrx_word' id='word_1_278' title='bbox 312 4404 389 4454; x_wconf 79' lang='lat' dir='ltr'>quem</span> <span class='ocrx_word' id='word_1_279' title='bbox 397 4409 401 4438; x_wconf 80' lang='lat' dir='ltr'>r</span> <span class='ocrx_word' id='word_1_280' title='bbox 410 4385 462 4438; x_wconf 87' lang='lat' dir='ltr'>cod</span> <span class='ocrx_word' id='word_1_281' title='bbox 473 4404 479 4437; x_wconf 92' lang='lat'>:</span> 
     </span>
    </p>
   </div>
   <div class='ocr_carea' id='block_1_9' title="bbox 151 4483 1260 4666">
    <p class='ocr_par' dir='ltr' id='par_1_33' title="bbox 151 4483 1260 4666">
     <span class='ocr_line' id='line_1_39' title="bbox 151 4483 1260 4567; baseline 0 -18"><span class='ocrx_word' id='word_1_282' title='bbox 151 4486 216 4549; x_wconf 88' lang='lat' dir='ltr'>Sed</span> <span class='ocrx_word' id='word_1_283' title='bbox 231 4486 387 4567; x_wconf 89' lang='lat' dir='ltr'>Pippinus</span> <span class='ocrx_word' id='word_1_284' title='bbox 403 4486 435 4548; x_wconf 95' lang='lat' dir='ltr'>in</span> <span class='ocrx_word' id='word_1_285' title='bbox 450 4484 586 4549; x_wconf 89' lang='lat' dir='ltr'>modum</span> <span class='ocrx_word' id='word_1_286' title='bbox 607 4485 709 4548; x_wconf 88' lang='lat' dir='ltr'>sancti</span> <span class='ocrx_word' id='word_1_287' title='bbox 727 4484 876 4548; x_wconf 87' lang='lat' dir='ltr'>animalis</span> <span class='ocrx_word' id='word_1_288' title='bbox 891 4484 1042 4548; x_wconf 83' lang='lat' dir='ltr'>habentis</span> <span class='ocrx_word' id='word_1_289' title='bbox 1057 4483 1168 4549; x_wconf 85' lang='lat' dir='ltr'>oculos</span> <span class='ocrx_word' id='word_1_290' title='bbox 1182 4488 1260 4549; x_wconf 86' lang='lat' dir='ltr'>ante</span> 
     </span>
     <span class='ocr_line' id='line_1_40' title="bbox 192 4582 1259 4666; baseline 0.001 -19"><span class='ocrx_word' id='word_1_291' title='bbox 192 4589 318 4648; x_wconf 82' lang='lat' dir='ltr'>etretro</span> <span class='ocrx_word' id='word_1_292' title='bbox 329 4583 474 4666; x_wconf 77' lang='lat' dir='ltr'>undique</span> <span class='ocrx_word' id='word_1_293' title='bbox 487 4584 748 4666; x_wconf 79' lang='lat' dir='ltr'>circumspectus,</span> <span class='ocrx_word' id='word_1_294' title='bbox 762 4582 939 4665; x_wconf 81' lang='lat' dir='ltr'>prudenter</span> <span class='ocrx_word' id='word_1_295' title='bbox 948 4582 1065 4663; x_wconf 81' lang='lat' dir='ltr'>agebat</span> <span class='ocrx_word' id='word_1_296' title='bbox 1081 4583 1114 4647; x_wconf 92' lang='lat' dir='ltr'>in</span> <span class='ocrx_word' id='word_1_297' title='bbox 1126 4582 1259 4648; x_wconf 86' lang='lat' dir='ltr'>cunctis.</span> 
     </span>
    </p>
   </div>
   <div class='ocr_carea' id='block_1_10' title="bbox 0 0 1576 5392">
    <p class='ocr_par' dir='ltr' id='par_1_34' title="bbox 0 0 1576 5392">
     <span class='ocr_line' id='line_1_41' title="bbox 0 0 1576 5392; baseline 0 1"><span class='ocrx_word' id='word_1_298' title='bbox 0 0 1576 5392; x_wconf 95' lang='lat' dir='ltr'> </span> 
     </span>
    </p>
   </div>
  </div>
 </body>
</html>
