3142 5392
169 321 243 395 438
506 347 631 400 aaran.
658 350 761 400 cono.
788 350 1066 405 naeroeaarrnc.

133 597 137 611 Ι
214 529 294 589 120.
314 535 344 587 ln
357 533 458 588 diocesi
476 534 641 604 linguntina,
658 540 777 605 quatuor
793 537 886 605 pueri:
905 537 1082 594 Hermannus
1099 541 1187 597 Sitridi
1201 544 1330 609 liliuslielie

169 629 267 697 pandis
276 634 303 682 et
314 631 385 693 tuta,
395 630 529 684 Henricus
538 648 656 700 quoque,
669 632 735 686 ritio
744 632 889 702 epilentieo
900 634 1021 702 graviter
1032 634 1186 692 laborantes
1194 640 1332 709 affligebam,

169 727 216 781 alii
227 727 296 796 plus,
308 728 354 781 alii
365 729 464 783 minus.
477 729 529 795 Qui
541 747 637 784 omnes
649 731 720 786 rotis
735 748 848 786 suorum
860 749 909 800 pro
922 734 987 802 ipsis
999 735 1035 788 ad
1047 737 1196 804 sepulcrum
1205 739 1334 809 beatndpn

169 825 236 879 beth
246 826 409 882 facientibus
421 829 430 862 ¹
443 828 552 897 plenam
562 831 596 882 de
607 830 782 884 incommodo
794 848 843 885 suo
853 833 992 886 consecuti
1005 839 1070 888 sunt
1081 836 1227 891 sanitatem.

213 923 293 980 121.
313 925 443 980 Similiter
455 926 483 980 in
495 927 596 980 diocesi
606 926 775 990 Treverensi,
792 930 933 984 Elizabeth
951 933 1073 997 nomine,
1091 939 1118 987 et
1134 935 1219 1003 Agnes
1232 938 1353 1005 sorerejuar

169 1027 269 1077 terram
282 1024 399 1093 sepulcri
410 1026 469 1093 ejus
481 1030 660 1093 temperatam
673 1042 747 1094 aqua
764 1028 852 1080 ambae
869 1035 1056 1097 gustaverunt,
1075 1037 1102 1085 et
1119 1033 1211 1087 eadem
1226 1034 1279 1088 hora
1288 1035 1337 1088 anri

169 1121 359 1177 infirmitatum
372 1140 484 1178 suarum
497 1125 649 1179 remedium
665 1131 852 1195 perceperunt

213 1218 292 1277 122.
312 1221 389 1274 Item.
402 1221 433 1274 ln
446 1222 543 1275 endem
556 1222 665 1286 diocesi,
677 1223 823 1292 Bagaudus
833 1224 845 1258 1
855 1226 889 1277 de
900 1225 1008 1290 Hostat,
1018 1227 1160 1281 Gertrudis
1171 1230 1203 1284 de
1210 1230 1291 1296 Selbae
1299 1230 1338 1285 Ter·

169 1336 253 1373 nense
265 1320 375 1383 diocesi,
387 1320 421 1372 ad
434 1319 588 1388 sepulerum
599 1321 684 1374 beatae
696 1321 837 1375 Elizabelh
848 1323 955 1376 liberali
966 1329 1038 1378 sunt

213 1416 293 1475 123.
314 1418 455 1472 Birmarus
464 1419 483 1481 ³,
495 1418 974 1488 diocesiTrererensi,carpentarius„
986 1421 1076 1475 iactus
1089 1426 1131 1476 est
1142 1423 1257 1487 furiosus,
1265 1420 1364 1492 itepide

169 1516 297 1571 dentibus
308 1517 437 1570 frendens
448 1517 568 1584 seipsum
581 1518 706 1571 mordere
716 1517 855 1571 etlaniare
866 1517 992 1587 illiesque
1004 1535 1071 1573 suos
1083 1519 1229 1575 interficere
1237 1520 1339 1579 armarii

169 1632 311 1685 quousque
331 1617 358 1669 in
376 1615 484 1669 alveum
502 1617 672 1670 strictissime
689 1617 800 1670 funibus
816 1616 953 1686 ligaretur.
970 1617 1022 1671 Pro
1040 1636 1097 1688 quo
1114 1619 1221 1689 quidam
1236 1621 1339 1691 sepulcrm

169 1716 256 1770 beatae
276 1715 416 1769 Elizabeth
437 1715 531 1768 adiens
550 1720 578 1768 et
600 1717 659 1782 ejus
678 1716 808 1784 suffragia
829 1733 891 1769 cum
913 1717 1100 1771 oblationibus
1120 1719 1260 1773 hostiarum
1278 1718 1340 1773 ibiten

170 1814 328 1884 implorans
341 1812 460 1866 furiosus
472 1814 568 1867 eadem
580 1815 650 1867 bora
661 1814 792 1868 liberatus
804 1820 854 1869 est.

251 2012 307 2092 [v.
336 2018 388 2075 ne
408 2016 630 2075 diversorum
650 2017 809 2076 fluxuum
829 1988 1120 2080 restrictionibus
1137 2018 1292 2097 :xv11⁴.]
1350 2040 1368 2092 u

213 2223 294 2280 124.
314 2223 415 2291 Quinta
434 2223 570 2277 distinctio
589 2240 660 2277 nunc
677 2225 774 2292 quinto
792 2225 910 2294 capitulo
928 2227 990 2280 libri
1007 2228 1106 2298 prioris
1127 2230 1267 2300 respondet,
1281 2229 1301 2282 in
1312 2240 1345 2294 qai

171 2324 284 2378 virtutes
294 2322 490 2376 miraculorum
502 2322 610 2376 diversa
621 2324 698 2376 sanie
710 2328 738 2376 et
746 2324 878 2393 sauguine
887 2340 936 2378 seu
945 2325 1104 2381 infirmitate
1113 2328 1253 2382 liuentibus
1260 2325 1346 2381 exhibite

170 2426 353 2475 recensentur.
1387 2426 1390 2489 l

214 2517 294 2575 125.
318 2518 348 2570 ln
357 2517 555 2587 maguntinensi
564 2517 674 2580 diocesi,
684 2517 755 2570 eirca
767 2516 867 2571 festum
880 2517 952 2572 beati
968 2519 1065 2574 Jacobi
1083 2522 1216 2589 quaedam,
1232 2515 1350 2586 neuma*
1388 2542 1390 2557 ι

170 2618 290 2683 nomine,
299 2633 399 2670 nerem
411 2615 517 2668 babens
529 2630 624 2677 annos,
634 2619 751 2682 quatuor
760 2629 793 2666 ex
806 2614 858 2667 illis
866 2614 904 2667 sie
917 2614 1067 2669 infistulata
1076 2621 1118 2670 est
1127 2616 1155 2670 in
1164 2617 1231 2671 collo
1239 2616 1378 2682 etdersoetp

169 2717 254 2770 latere
264 2721 290 2768 ei
299 2718 326 2769 in
335 2715 397 2769 loco
406 2714 550 2776 femorum,
563 2718 594 2767 ut
605 2713 630 2766 ei
639 2714 768 2766 continue
777 2712 864 2766 multa
872 2713 962 2766 sanies
971 2730 1003 2766 ex
1017 2714 1114 2769 iisdem
1124 2710 1353 2784 ⁰partibuscorporie

170 2814 254 2867 liuere
264 2830 318 2867 non
328 2816 453 2866 cessaret
463 2811 515 2863 Sed
526 2816 552 2863 et
561 2827 651 2873 canes,
661 2815 750 2863 restes
759 2810 818 2877 ejus
827 2810 1016 2873 distrahentes,
1028 2813 1135 2866 saniem
1148 2814 1298 2867 lambebant.
1306 2811 1355 2865 lan·

170 2913 232 2966 dem
245 2913 280 2965 ad
290 2912 300 2945 ⁷
312 2911 467 2980 sepulcrum
480 2911 566 2963 beatae
578 2909 715 2962 Elizabetb
729 2926 791 2962 cum
805 2909 991 2963 oblationibus
1002 2915 1030 2964 et
1041 2911 1234 2966 invocatione⁸
1244 2911 1356 2967 misericor·

170 3009 223 3063 diae
233 3011 281 3063 Dei
294 3027 342 3078 per
354 3009 427 3063 illam
441 3009 474 3061 ad
485 3007 631 3061 annualem
642 3024 753 3060 censum
763 3007 892 3075 hospitali
902 3008 961 3075 ejus
969 3008 1090 3077 seipsam
1102 3010 1238 3080 obligarit
1249 3012 1277 3064 Ei
1286 3009 1357 3063 suun

171 3110 230 3177 ipsa
239 3115 377 3162 remeante
389 3109 423 3161 ad
433 3108 550 3176 propria,
562 3108 590 3160 in
600 3108 658 3176 ipso
668 3108 764 3160 itinere
776 3105 866 3160 sanies
879 3107 958 3176 carpit
976 3108 1063 3161 minui
1082 3115 1110 3162 et
1127 3110 1229 3174 siccari,
1240 3115 1264 3164 et
1275 3105 1387 3172 inbrerip

170 3207 288 3278 perieete
299 3213 395 3260 sanata
407 3212 456 3260 est.

214 3305 295 3363 126.
316 3307 392 3359 ltem.
410 3306 441 3358 ln
458 3304 554 3357 eadem
573 3304 685 3363 diecesi,
703 3303 759 3355 srlia
775 3304 916 3370 cujusdam
939 3303 1098 3370 Hermanni,
1115 3307 1297 3375 quinquennis,
1310 3319 1360 3357 anne

170 3407 274 3474 integro
287 3406 390 3458 fluxum
408 3402 548 3471 sanguinis
564 3418 644 3470 passa
656 3407 705 3465 est,
723 3401 796 3454 unde
807 3401 882 3454 nullo
900 3401 990 3469 potuit
1007 3402 1130 3456 remedio
1143 3403 1255 3458 liberari.
1268 3403 1312 3457 Pro
1325 3414 1362 3468 qna

170 3510 258 3558 mater
269 3521 332 3557 cum
345 3504 357 3538 ⁹
368 3507 433 3556 roto
446 3507 473 3555 et
483 3518 563 3570 prece
574 3500 688 3569 supplici
700 3500 945 3569 peregrinationem
958 3500 1075 3569 sepulcri
1091 3508 1193 3556 sanctae
1209 3503 1256 3557 Dei
1270 3499 1362 3568 arripnit

170 3608 198 3656 et
208 3603 234 3656 in
244 3604 332 3656 reditu
341 3619 391 3655 suo
401 3601 486 3654 liliam
496 3600 638 3653 liberatam
651 3604 677 3651 el
688 3615 784 3651 senam
795 3599 906 3652 invenit.
1371 3611 1390 3661 u

213 3700 293 3758 127.
313 3701 375 3754 Fuit
392 3701 421 3754 in
439 3699 539 3752 diocesi
558 3697 719 3751 Treverensi
737 3695 847 3761 semina,
865 3696 942 3749 (luda
954 3697 1076 3762 nomine,
1093 3716 1156 3767 quar
1169 3700 1203 3754 de
1214 3697 1362 3768 quorumdam

169 3805 245 3855 secta
257 3800 379 3853 involuta
390 3814 439 3867 per
450 3813 488 3849 xn
501 3812 595 3859 annos,
608 3796 705 3848 morbo
718 3794 808 3864 polypi
821 3795 928 3858 iniecta,
941 3796 1046 3850 nullum
1059 3800 1150 3866 potuit
1162 3798 1304 3852 remedium
1312 3796 1363 3848 ine

170 3900 236 3953 nire.
246 3899 369 3952 Tandem
381 3896 415 3949 ad
427 3913 475 3949 cer
487 3895 601 3957 rediens
614 3899 642 3947 et
653 3898 733 3946 seciae
744 3893 911 3947 infidelitatis
923 3911 1016 3947 coram
1028 3896 1196 3965 presbyteris
1205 3902 1232 3950 et
1240 3896 1363 3950 confessore

169 3994 373 4058 abrenuntians,
390 4010 438 4063 per
457 4008 605 4061 congruam
625 3990 813 4060 penitentiam
833 3996 861 4044 et
880 3991 1096 4047 satisfactionem
1118 3995 1286 4049 reconciliata
1304 3994 1324 4026 ¹⁰
1337 3992 1364 4043 est

170 4095 330 4149 orthodoxae
339 4093 410 4146 iidei.
419 4092 586 4161 lmplorante
597 4073 660 4159 erpo
672 4108 705 4144 ea
714 4090 846 4145 auxilium
856 4091 943 4145 beatae
954 4092 1094 4146 Eliaabeth
1106 4099 1134 4147 et
1146 4095 1180 4148 ad
1193 4094 1315 4149 tumulum
1323 4090 1390 4156 aaa

169 4199 332 4264 properante
344 4198 426 4261 atque
438 4192 573 4261 singulare
586 4191 727 4244 servitium
740 4191 765 4243 ei
780 4192 921 4244 annuatim
933 4192 1118 4260 promittente,
1130 4194 1224 4248 statim
1240 4210 1296 4248 cum
1309 4186 1364 4245 omni

169 4292 345 4346 incommodo
356 4292 468 4345 evanuit
479 4291 508 4354 ¹¹,
518 4295 549 4344 ut
558 4290 685 4358 deinceps
695 4305 830 4357 nusquam
841 4297 1019 4359 compareret.

203 4456 213 4488 ¹
231 4458 270 4508 sic
288 4455 364 4507 ambo
381 4455 455 4508 codd.
473 4482 505 4492 —
517 4453 529 4487 1
540 4453 756 4522 Rigaudus1.—
769 4454 780 4488 1
792 4454 933 4507 Dirmarus
945 4455 969 4507 1.
980 4481 1013 4493 —-
1025 4455 1037 4489 ⁴
1048 4459 1096 4520 ito,
1107 4461 1133 4511 ei
1142 4475 1264 4511 numeres
1274 4462 1365 4526 quatuor

168 4546 279 4593 serratos
291 4541 321 4590 in
333 4555 406 4591 nune.
419 4536 691 4605 129.-⁶1ieiewigis
703 4539 727 4590 1.
739 4567 770 4574 -
783 4538 794 4572 1
806 4540 880 4591 codd.
893 4537 988 4592 isdem.
998 4567 1030 4577 —
1040 4539 1051 4574 ²
1063 4540 1098 4593 ad
1106 4544 1256 4610 suppletum
1264 4558 1294 4594 ea
1300 4538 1365 4624 cooj·‘.'

168 4622 239 4672 deest
251 4622 280 4671 in
293 4620 367 4672 codd.
378 4646 411 4657 -
423 4619 436 4652 1
447 4622 484 4671 ito
494 4618 524 4680 l,
536 4618 684 4671 deuotione
698 4619 719 4671 i.
736 4648 760 4656 -
773 4619 785 4653 1
796 4634 859 4671 cum
868 4620 931 4673 odd.
943 4638 976 4673 ex
987 4621 1010 4673 2.
1023 4650 1056 4659 -
1069 4622 1093 4655 ¹⁰
1103 4624 1181 4677 ambo
1191 4625 1263 4677 codd.
1275 4630 1364 4674 reeens

168 4701 242 4754 lietu.
252 4727 282 4738 —
293 4700 315 4734 ¹¹
327 4703 373 4754 eie.
