3248 5392
339 284 430 374 arna.
449 321 529 374 aaa.
548 320 720 372 uaoxsnn.
740 342 785 350 —
803 320 950 371 urrann.
970 320 1016 370 no
1034 319 1113 370 coo.
1131 310 1170 369 n⁰
1188 316 1310 368 tias-ro.
1365 297 1438 368 415

211 521 277 586 post
288 514 443 584 supradicta
454 518 633 574 sacramenia,
643 512 770 565 videlicet
778 511 906 578 baptismi
919 510 946 563 in
959 509 1081 566 infantia.
1091 509 1207 578 conjugii
1217 511 1244 563 in
1254 509 1438 573 matrimonio,

212 614 380 684 poenitcntiae
392 619 419 666 et
434 612 537 666 ordinis
549 613 576 665 in
589 610 753 676 ohedientia,
762 615 792 663 ut
804 611 862 677 jam
875 609 1062 678 apprehendat
1077 609 1193 661 fructum
1205 609 1275 670 vitre,
1287 614 1375 677 coepto
1388 610 1439 662 ier-

212 719 311 767 venter
328 711 414 782 pergit
431 712 535 774 itinere,
548 711 582 763 ad
600 709 799 763 confectionem
811 708 988 762 Eucharistiae
1006 723 1103 776 panem
1117 708 1234 761 offerens
1247 713 1273 761 el
1286 708 1388 761 vinum.
1408 710 1437 762 ln

212 811 332 881 pucritia
344 811 471 864 introitus
482 809 557 878 regni
569 808 685 861 «scelestis
696 824 743 876 per
755 807 921 876 baptismum
933 806 1073 875 panditur;
1086 806 1114 859 in
1127 807 1303 859 matrimonio
1316 823 1364 875 per
1375 824 1439 861 con-

178 912 196 961 n
210 909 319 978 junium
337 911 361 963 ei
375 909 419 961 via
435 924 531 977 aspera
543 912 652 960 ostensa
670 907 750 959 bonis
763 906 890 974 operibus
902 905 936 958 ab
955 906 1013 973 ipsa
1024 905 1227 974 complanatur;
1239 905 1267 958 in
1283 905 1439 960 obedientia

213 1024 263 1077 per
281 1007 466 1077 paenitentiam
488 1012 516 1059 et
532 1006 656 1059 ordinem
674 1005 794 1058 caritatis
806 1004 864 1072 lege
882 1005 1063 1072 imprimitur:
1082 1020 1153 1057 nunc
1171 1020 1218 1073 per
1236 1010 1439 1059 sacramentum

213 1106 391 1160 Eucharistiae
402 1105 501 1160 viatico
515 1104 661 1158 sufficienti
672 1102 821 1156 munienda
834 1104 852 1167 ¹,
867 1109 897 1157 ut
908 1103 1013 1156 nulium
1026 1104 1050 1156 ei
1063 1103 1220 1172 repagulum
1237 1103 1321 1156 libere
1332 1120 1437 1157 secure-

213 1222 267 1274 que
276 1204 416 1274 pradiendi
428 1205 463 1257 ad
475 1203 589 1272 patriam
600 1203 723 1256 obsistat.
732 1202 792 1255 Hoc
801 1208 1011 1260 sacramentum.
1020 1202 1084 1255 licet
1095 1202 1122 1255 in
1135 1202 1247 1271 singulis
1258 1203 1381 1270 partibus
1391 1219 1439 1272 per

213 1321 284 1375 quas
295 1305 365 1357 loric
374 1303 457 1357 dividi
470 1306 568 1371 potest,
580 1301 647 1354 tides
660 1301 808 1355 christiana
820 1306 908 1354 totum
922 1306 948 1354 cl
963 1302 1097 1370 integrum
1113 1301 1233 1370 aspiciat,
1246 1301 1310 1370 quia
1322 1307 1414 1355 tamen
1427 1301 1438 1335 ¹

170 1405 196 1455 tt]
212 1402 242 1456 in
254 1403 362 1455 duabus
371 1401 523 1471 specialiter
534 1399 695 1453 substantiis
710 1399 768 1452 fieri
785 1399 909 1464 habetur,
922 1400 1051 1453 viaticum
1064 1404 1092 1453 et
1110 1400 1264 1453 vehiculum
1283 1400 1364 1453 simul
1386 1400 1439 1453 exi·

212 1507 298 1564 stens,
307 1502 412 1569 corpori
424 1501 524 1570 pariter
536 1506 563 1553 el
574 1501 673 1553 animae
685 1499 831 1553 salutarem
843 1500 946 1568 praebet
955 1502 1090 1554 ellectum.
1099 1500 1158 1554 Hoc
1168 1500 1238 1562 cibo,
1250 1506 1280 1553 ut
1290 1500 1355 1554 dicit
1366 1500 1439 1567 Μογ-

211 1617 266 1659 ses,
278 1600 335 1653 aliti
347 1605 411 1654 sunt
422 1600 470 1653 lilii
483 1598 573 1661 lsrael,
586 1614 729 1667 usquequo
739 1603 880 1667 tangerent
897 1599 965 1652 lines
983 1603 1062 1652 terrae
1078 1599 1274 1667 promissionis.
1292 1599 1361 1652 Hinc
1373 1615 1438 1666 ergo

210 1699 293 1768 panis
304 1699 499 1752 commixtione
510 1714 589 1766 aquae
602 1698 736 1750 formatus
747 1699 863 1766 igneque
875 1698 1012 1761 decoctus,
1025 1699 1097 1752 illinc
1109 1699 1185 1766 prelo
1196 1698 1289 1752 vinum
1300 1702 1438 1751 extortum

211 1802 240 1851 et
257 1814 331 1867 aqua
346 1799 373 1851 in
392 1798 595 1851 consecratione
612 1796 801 1855 commixtum,
817 1797 1011 1851 incarnationis
1028 1796 1215 1866 passionisque
1233 1798 1391 1866 mysterium
1411 1797 1438 1851 iu

161 1897 192 1947 tt
211 1895 386 1949 humanitate
398 1911 526 1948 unacum
539 1899 652 1961 naturae,
665 1895 691 1948 id
704 1898 745 1948 cst
762 1895 936 1948 mortalitatis
947 1899 1054 1958 nostrae,
1066 1895 1260 1948 communione
1272 1895 1437 1964 completum

210 1995 344 2065 designat.
354 1997 385 2049 ln
397 1997 482 2050 allero
492 2013 555 2050 caro
565 1997 664 2050 Christi
674 1996 837 2050 alimentum
847 1997 917 2061 vitae,
926 2000 953 2049 et
962 1995 990 2048 in
999 1995 1085 2048 altero
1094 1995 1204 2064 sanguis
1213 1995 1272 2061 ejus
1282 1994 1437 2048 vehiculum

210 2095 383 2149 credentium
401 2100 449 2149 esi.
470 2097 523 2161 Qui
539 2098 692 2160 munducat,
709 2095 806 2163 inquil,
818 2112 904 2147 meum
920 2112 1029 2148 carnem
1046 2102 1069 2146 et
1086 2095 1151 2148 bibit
1167 2110 1255 2146 meum
1271 2097 1438 2161 sanquinem,

209 2195 289 2247 nabet
300 2197 382 2248 citam
399 2203 532 2248 mentam.
550 2196 620 2247 Coro
634 2212 692 2247 mco
707 2211 767 2248 ocre
781 2201 819 2247 eet
835 2195 917 2256 cibus,
933 2202 957 2246 et
971 2196 1084 2260 sanquis
1098 2210 1171 2246 meno
1183 2210 1241 2245 acre
1252 2201 1289 2246 est
1298 2200 1388 2261 potua.
1406 2193 1437 2245 ln

210 2307 327 2360 corpore
336 2292 410 2359 quod
422 2291 449 2344 in
461 2291 651 2345 lucarnatione
664 2292 803 2344 infirmum
816 2290 970 2358 assumpsit,
979 2306 1030 2343 nos
1041 2288 1158 2351 cibarit;
1171 2289 1198 2342 in
1211 2289 1341 2358 sanguine
1353 2305 1435 2358 quem

161 2390 191 2441 to
209 2389 396 2458 multipliciter
408 2391 436 2444 in
448 2389 618 2459 depositione
630 2389 795 2443 infirmitatis
812 2394 912 2443 nostrae
929 2388 1061 2457 deposuit,
1074 2388 1139 2456 quia
1155 2387 1248 2441 anima
1260 2388 1288 2441 in
1306 2387 1437 2456 sanguine

210 2493 261 2548 est,
273 2488 397 2558 spiritum
410 2490 439 2543 in
450 2506 550 2543 manus
561 2490 758 2542 commendans
767 2488 863 2551 Patris,
872 2488 1005 2557 spirituali
1018 2492 1084 2556 potu
1094 2503 1144 2540 nos
1153 2487 1265 2555 potavit.
1274 2487 1308 2539 Et
1319 2491 1436 2556 utraque

211 2592 343 2651 extrema,
352 2587 547 2641 incarnationis
556 2588 659 2641 scilicet
670 2592 698 2641 et
712 2587 855 2656 passionis
871 2587 899 2641 in
914 2591 1086 2639 sacramento
1098 2585 1274 2639 Eucharistiae
1286 2587 1436 2639 secundum

210 2686 390 2755 significatum
401 2685 479 2755 panis
488 2692 515 2740 et
524 2687 579 2739 vini
589 2687 617 2739 in
627 2702 710 2740 unum
722 2687 895 2740 conveniunt.
905 2685 1044 2754 Siquidem
1054 2686 1112 2752 ipse
1124 2685 1228 2752 primus
1237 2690 1264 2737 et
1273 2684 1437 2738 novissimus

210 2784 240 2838 in
251 2784 439 2838 incarnatione
450 2802 500 2839 sua
509 2785 616 2839 initium
626 2785 786 2838 salvationis
797 2785 926 2837 humanae
939 2783 1125 2845 sanctificavit,
1135 2789 1162 2836 et
1173 2783 1202 2836 in
1214 2784 1341 2851 passione
1353 2784 1435 2837 tinem

161 2882 192 2933 to
210 2883 407 2952 redemptionis
415 2883 593 2937 consecravit.
602 2883 684 2937 Panis
693 2883 854 2952 principium
863 2887 891 2936 et
899 2883 1058 2936 alimentum
1070 2883 1132 2935 vitre
1140 2882 1269 2935 humanae
1279 2887 1331 2945 est;
1341 2883 1435 2937 vinum

211 2998 322 3051 quoque
338 2982 456 3036 reddens
474 2982 602 3036 homines
620 2983 754 3049 j0cundos
776 2986 803 3035 et
821 2982 932 3046 alacres,
950 2982 1028 3049 quasi
1049 2981 1206 3034 uehiculum
1228 2986 1276 3034 est.
1299 2984 1436 3043 Concdite,

210 3079 308 3148 inquit,
320 3084 402 3136 unrici
409 3085 462 3135 mci
472 3101 481 3134 .·
493 3082 520 3134 id
531 3087 582 3147 est,
592 3083 623 3134 Ut
632 3084 756 3134 amicitia
767 3099 828 3135 mea
836 3083 874 3133 oct
883 3084 972 3134 amori
983 3098 1038 3134 meo
1050 3081 1070 3146 ⁸,
1080 3083 1149 3133 sicut
1157 3098 1229 3148 aqna
1240 3083 1267 3133 in
1277 3083 1437 3147 confectione

207 3182 294 3248 panis
304 3181 407 3247 addita,
419 3183 616 3233 communicare
622 3183 742 3247 poscitis,
751 3182 878 3247 exemplis
887 3183 1018 3233 mitratum
1031 3196 1087 3246 qna
1098 3179 1110 3212 ⁴
1123 3183 1151 3231 in
1160 3189 1300 3247 ursacmpto
1311 3181 1436 3234 hurnuni·

209 3285 265 3329 tate
281 3294 339 3330 meo
357 3278 429 3329 cobis
443 3278 556 3345 praebui,
569 3277 719 3342 informari
732 3279 853 3343 actcpite.
867 3278 954 3329 Bibitc
972 3284 995 3330 ct
1012 3278 1195 3343 inebriamini,
1204 3279 1350 3342 conanimi,
1362 3280 1435 3344 quio,

161 3374 192 3426 30
209 3377 336 3428 caritatis
348 3391 409 3428 inea
419 3377 540 3428 aculeum
549 3377 579 3427 in
591 3377 816 3444 exspoliationem
828 3377 991 3442 depositione
999 3377 1173 3428 mortalitatis
1184 3383 1275 3428 orara
1283 3378 1436 3441 emularites,

209 3481 349 3542 tamqnam
363 3475 433 3527 ebrii
443 3481 467 3528 ot
484 3476 594 3542 impotes
605 3477 651 3527 eni
668 3481 691 3527 ct
708 3475 876 3527 insensibiles
888 3475 924 3526 ad
935 3475 1105 3527 tolerantiam
1123 3475 1330 3541 opprobriorum
1341 3477 1435 3541 efficie-

210 3575 289 3625 mini.
298 3571 329 3624 ln
339 3572 399 3626 cibo
411 3573 465 3626 hoc
477 3573 590 3626 affectus
605 3572 753 3640 lpatientis
765 3572 843 3625 suavi
852 3588 946 3625 amore
955 3572 1075 3626 relicitur
1087 3591 1093 3624 :
1105 3573 1153 3625 sed
1165 3571 1192 3625 in
1204 3576 1269 3640 potu
1281 3573 1435 3627 anhelantis

210 3670 376 3724 desiderium
389 3687 438 3724 seu
455 3671 624 3740 impatientia
636 3671 754 3725 amantis
771 3671 959 3725 efferbescenti
971 3671 1112 3724 dulcedine
1129 3670 1249 3724 caritatis
1267 3672 1435 3725 inflammata

210 3768 338 3822 alacriter
353 3774 380 3822 et
398 3770 502 3838 absque
518 3769 612 3823 labore
624 3769 790 3837 pervehitur.
809 3768 925 3838 Attingit
941 3785 958 3821 a
974 3769 1127 3836 fineusque
1139 3769 1267 3822 adfinem
1285 3770 1398 3834 fortiter,
1407 3776 1435 3823 et

161 3866 191 3918 to
209 3866 330 3935 disponit
342 3867 435 3921 omnia
446 3868 574 3922 suaviter.
594 3870 687 3934 Pania,
704 3867 801 3935 inquit,
813 3886 889 3935 quem
901 3869 977 3932 nato,
989 3885 1123 3922 caraman
1135 3875 1179 3932 cat,
1192 3872 1219 3921 et
1232 3887 1238 3920 :
1252 3869 1435 3935 Goprrocernnt

208 3982 271 4018 enm
284 3968 313 4018 in
324 3968 457 4031 fractione
464 3970 556 4035 ponis.

251 4062 309 4121 3⁷.
330 4064 420 4118 Fortis
428 4081 492 4133 ergo
502 4064 600 4118 mulier
612 4066 622 4089 ⁸
632 4064 736 4132 (procul
747 4069 774 4117 et
782 4064 816 4117 de
827 4063 930 4117 ultimis
938 4064 1038 4117 linibus
1047 4063 1163 4133 pretium
1173 4063 1243 4130 ejus)
1253 4063 1434 4117 consideravit

208 4161 322 4215 semitas
329 4161 426 4215 domus
433 4177 490 4215 suae
497 4166 524 4214 et
531 4177 630 4229 panem
638 4160 726 4214 otiosa
733 4176 788 4214 uon
796 4161 1128 4225 comedit.l'acta,autem
1138 4161 1234 4229 ‘quasi
1242 4161 1319 4214 navis
1327 4162 1434 4215 instito-

208 4261 256 4324 ris,
261 4260 295 4313 de
301 4260 381 4328 longe
388 4275 486 4328 panem
495 4276 595 4323 suum,
606 4259 747 4327 portantis,
756 4275 854 4328 panem
865 4265 892 4312 ct
901 4259 994 4312 vinum
1005 4275 1084 4313 suum
1095 4276 1176 4327 super
1184 4260 1351 4328 sepulturam
1359 4260 1434 4327 justi,

161 4361 190 4416 lo
208 4359 237 4413 id
247 4362 290 4411 est
300 4358 407 4422 Christi,
415 4358 561 4411 constituit.
569 4357 637 4410 Nam
648 4358 765 4410 fructum
776 4373 855 4410 suum
866 4357 970 4410 habens
980 4357 1006 4411 in
1015 4357 1266 4423 sanctificationem,
1275 4358 1358 4412 tinem
1369 4374 1433 4412 vero

243 4589 255 4623 ¹
266 4591 306 4642 ito
317 4588 334 4642 i
344 4606 351 4651 ;
361 4587 512 4641 muniendo
526 4586 611 4640 1.-⁸
622 4589 663 4640 ito
674 4586 778 4650 imum
791 4589 813 4641 1.
826 4616 858 4624 -
869 4587 881 4621 ⁸
893 4587 948 4651 (vel
959 4587 1046 4641 amori
1058 4588 1132 4655 meo)
1143 4605 1231 4656 eumn
1248 4590 1296 4641 lin.
1313 4590 1343 4641 in
1360 4588 1384 4641 t.
1402 4617 1434 4625 -

207 4671 308 4724 ‘codd
319 4668 402 4736 quod.
412 4696 443 4707 -
455 4668 466 4701 ὓ
480 4672 516 4721 ita
528 4668 558 4731 ἢ
571 4668 683 4721 allectus
693 4669 715 4720 1.
