<?xml version="1.0" encoding="UTF-8"?>
<!DOCTYPE html PUBLIC "-//W3C//DTD XHTML 1.0 Transitional//EN"
    "http://www.w3.org/TR/xhtml1/DTD/xhtml1-transitional.dtd">
<html xmlns="http://www.w3.org/1999/xhtml" xml:lang="en" lang="en">
 <head>
  <title>
</title>
<meta http-equiv="Content-Type" content="text/html;charset=utf-8" />
  <meta name='ocr-system' content='tesseract 3.04.00' />
  <meta name='ocr-capabilities' content='ocr_page ocr_carea ocr_par ocr_line ocrx_word'/>
</head>
<body>
  <div class='ocr_page' id='page_1' title='image "./cataloguscodicu01belggoog_0428.png"; bbox 0 0 3142 5392; ppageno 0'>
   <div class='ocr_carea' id='block_1_1' title="bbox 218 308 1318 380">
    <p class='ocr_par' dir='ltr' id='par_1_1' title="bbox 218 308 1318 380">
     <span class='ocr_line' id='line_1_1' title="bbox 218 308 1318 380; baseline 0.001 -2"><span class='ocrx_word' id='word_1_1' title='bbox 218 327 306 379; x_wconf 81' lang='lat' dir='ltr'><strong>aran.</strong></span> <span class='ocrx_word' id='word_1_2' title='bbox 326 328 405 379; x_wconf 84' lang='lat' dir='ltr'><strong>aaa.</strong></span> <span class='ocrx_word' id='word_1_3' title='bbox 425 326 597 379; x_wconf 77' lang='lat' dir='ltr'><strong>samana.</strong></span> <span class='ocrx_word' id='word_1_4' title='bbox 617 347 662 357; x_wconf 92' lang='lat'>—</span> <span class='ocrx_word' id='word_1_5' title='bbox 681 327 828 378; x_wconf 79' lang='lat' dir='ltr'><strong>aarum.</strong></span> <span class='ocrx_word' id='word_1_6' title='bbox 848 328 893 377; x_wconf 81' lang='lat' dir='ltr'><strong>nu</strong></span> <span class='ocrx_word' id='word_1_7' title='bbox 912 328 990 379; x_wconf 86' lang='lat' dir='ltr'><strong>con.</strong></span> <span class='ocrx_word' id='word_1_8' title='bbox 1009 320 1048 378; x_wconf 67' lang='grc' dir='ltr'><strong>ΝΟ</strong></span> <span class='ocrx_word' id='word_1_9' title='bbox 1065 325 1190 380; x_wconf 73' lang='lat' dir='ltr'><strong>raas-ro.</strong></span> <span class='ocrx_word' id='word_1_10' title='bbox 1244 308 1318 379; x_wconf 83' lang='lat'><strong>405</strong></span> 
     </span>
    </p>
   </div>
   <div class='ocr_carea' id='block_1_2' title="bbox 147 515 1319 3052">
    <p class='ocr_par' dir='ltr' id='par_1_2' title="bbox 147 515 1319 962">
     <span class='ocr_line' id='line_1_2' title="bbox 147 515 1317 585; baseline 0.003 -18"><span class='ocrx_word' id='word_1_11' title='bbox 147 517 222 569; x_wconf 86' lang='lat' dir='ltr'><strong>lenter</strong></span> <span class='ocrx_word' id='word_1_12' title='bbox 238 516 305 569; x_wconf 86' lang='lat' dir='ltr'><strong>satis</strong></span> <span class='ocrx_word' id='word_1_13' title='bbox 323 518 400 572; x_wconf 83' lang='lat' dir='ltr'><strong>fratri</strong></span> <span class='ocrx_word' id='word_1_14' title='bbox 417 535 467 572; x_wconf 89' lang='lat' dir='ltr'><strong>sno</strong></span> <span class='ocrx_word' id='word_1_15' title='bbox 485 517 615 571; x_wconf 87' lang='lat' dir='ltr'><strong>successit</strong></span> <span class='ocrx_word' id='word_1_16' title='bbox 633 517 660 570; x_wconf 92' lang='lat' dir='ltr'><strong>in</strong></span> <span class='ocrx_word' id='word_1_17' title='bbox 678 516 868 585; x_wconf 77' lang='lat' dir='ltr'><strong>principatum.</strong></span> <span class='ocrx_word' id='word_1_18' title='bbox 880 516 959 570; x_wconf 86' lang='lat' dir='ltr'>Unde</span> <span class='ocrx_word' id='word_1_19' title='bbox 977 515 1069 570; x_wconf 90' lang='lat' dir='ltr'><strong>divino</strong></span> <span class='ocrx_word' id='word_1_20' title='bbox 1082 517 1152 570; x_wconf 84' lang='lat' dir='ltr'><strong>forte</strong></span> <span class='ocrx_word' id='word_1_21' title='bbox 1164 522 1233 570; x_wconf 92' lang='lat' dir='ltr'><strong>nutu</strong></span> <span class='ocrx_word' id='word_1_22' title='bbox 1244 517 1317 571; x_wconf 90' lang='lat' dir='ltr'><strong>idem</strong></span> 
     </span>
     <span class='ocr_line' id='line_1_3' title="bbox 147 614 1318 685; baseline 0.004 -19"><span class='ocrx_word' id='word_1_23' title='bbox 147 619 257 682; x_wconf 84' lang='lat' dir='ltr'><strong>npostea</strong></span> <span class='ocrx_word' id='word_1_24' title='bbox 274 617 310 668; x_wconf 89' lang='lat' dir='ltr'><strong>ab</strong></span> <span class='ocrx_word' id='word_1_25' title='bbox 322 616 481 670; x_wconf 75' lang='lat' dir='ltr'><strong>Innocentio</strong></span> <span class='ocrx_word' id='word_1_26' title='bbox 494 633 566 685; x_wconf 87' lang='lat' dir='ltr'><strong>papa</strong></span> <span class='ocrx_word' id='word_1_27' title='bbox 583 617 616 669; x_wconf 93' lang='lat' dir='ltr'><strong>ad</strong></span> <span class='ocrx_word' id='word_1_28' title='bbox 629 614 856 685; x_wconf 71' lang='lat' dir='ltr'><strong>praeparationem</strong></span> <span class='ocrx_word' id='word_1_29' title='bbox 875 614 982 683; x_wconf 91' lang='lat' dir='ltr'><strong>imperii</strong></span> <span class='ocrx_word' id='word_1_30' title='bbox 999 614 1027 667; x_wconf 91' lang='lat' dir='ltr'><strong>in</strong></span> <span class='ocrx_word' id='word_1_31' title='bbox 1045 631 1136 683; x_wconf 88' lang='lat' dir='ltr'><strong>regem</strong></span> <span class='ocrx_word' id='word_1_32' title='bbox 1148 616 1318 671; x_wconf 81' lang='lat' dir='ltr'><strong>Alemanniae</strong></span> 
     </span>
     <span class='ocr_line' id='line_1_4' title="bbox 147 713 1319 783; baseline 0.004 -19"><span class='ocrx_word' id='word_1_33' title='bbox 147 713 264 765; x_wconf 70' lang='lat' dir='ltr'><strong>citaretur</strong></span> <span class='ocrx_word' id='word_1_34' title='bbox 281 719 309 767; x_wconf 90' lang='lat' dir='ltr'><strong>et</strong></span> <span class='ocrx_word' id='word_1_35' title='bbox 328 731 344 767; x_wconf 89' lang='lat' dir='ltr'><strong>a</strong></span> <span class='ocrx_word' id='word_1_36' title='bbox 362 715 488 769; x_wconf 88' lang='lat' dir='ltr'><strong>Conrado</strong></span> <span class='ocrx_word' id='word_1_37' title='bbox 506 715 661 768; x_wconf 83' lang='lat' dir='ltr'><strong>Coloniensi</strong></span> <span class='ocrx_word' id='word_1_38' title='bbox 679 718 892 776; x_wconf 87' lang='lat' dir='ltr'><strong>consecraretur,</strong></span> <span class='ocrx_word' id='word_1_39' title='bbox 902 714 977 766; x_wconf 87' lang='lat' dir='ltr'><strong>onrni</strong></span> <span class='ocrx_word' id='word_1_40' title='bbox 996 729 1043 782; x_wconf 92' lang='lat' dir='ltr'><strong>spe</strong></span> <span class='ocrx_word' id='word_1_41' title='bbox 1059 715 1134 782; x_wconf 87' lang='lat' dir='ltr'><strong>regni</strong></span> <span class='ocrx_word' id='word_1_42' title='bbox 1152 721 1214 783; x_wconf 87' lang='lat' dir='ltr'><strong>post</strong></span> <span class='ocrx_word' id='word_1_43' title='bbox 1231 715 1319 769; x_wconf 93' lang='lat' dir='ltr'><strong>modi-</strong></span> 
     </span>
     <span class='ocr_line' id='line_1_5' title="bbox 147 812 1319 882; baseline 0.003 -19"><span class='ocrx_word' id='word_1_44' title='bbox 147 828 164 864; x_wconf 90' lang='lat' dir='ltr'><strong>n</strong></span> <span class='ocrx_word' id='word_1_45' title='bbox 178 813 315 867; x_wconf 83' lang='lat' dir='ltr'><strong>trustratus</strong></span> <span class='ocrx_word' id='word_1_46' title='bbox 332 815 436 882; x_wconf 85' lang='lat' dir='ltr'><strong>absque</strong></span> <span class='ocrx_word' id='word_1_47' title='bbox 454 815 554 868; x_wconf 87' lang='lat' dir='ltr'><strong>herede</strong></span> <span class='ocrx_word' id='word_1_48' title='bbox 565 819 592 866; x_wconf 90' lang='lat' dir='ltr'><strong>el</strong></span> <span class='ocrx_word' id='word_1_49' title='bbox 604 814 693 866; x_wconf 81' lang='lat' dir='ltr'><strong>fructu</strong></span> <span class='ocrx_word' id='word_1_50' title='bbox 707 814 851 867; x_wconf 83' lang='lat' dir='ltr'><strong>defunctus</strong></span> <span class='ocrx_word' id='word_1_51' title='bbox 862 816 910 866; x_wconf 84' lang='lat' dir='ltr'><strong>est</strong></span> <span class='ocrx_word' id='word_1_52' title='bbox 924 813 976 865; x_wconf 86' lang='lat' dir='ltr'><strong>Sed</strong></span> <span class='ocrx_word' id='word_1_53' title='bbox 989 813 1022 865; x_wconf 89' lang='lat' dir='ltr'><strong>de</strong></span> <span class='ocrx_word' id='word_1_54' title='bbox 1034 812 1077 865; x_wconf 91' lang='lat' dir='ltr'><strong>his</strong></span> <span class='ocrx_word' id='word_1_55' title='bbox 1089 813 1148 866; x_wconf 82' lang='lat' dir='ltr'><strong>haec</strong></span> <span class='ocrx_word' id='word_1_56' title='bbox 1161 813 1232 866; x_wconf 88' lang='lat' dir='ltr'><strong>dicta</strong></span> <span class='ocrx_word' id='word_1_57' title='bbox 1243 813 1319 867; x_wconf 83' lang='lat' dir='ltr'><strong>sulii-</strong></span> 
     </span>
     <span class='ocr_line' id='line_1_6' title="bbox 147 915 181 962; baseline -0.029 0"><span class='ocrx_word' id='word_1_58' title='bbox 147 915 181 962; x_wconf 86' lang='lat' dir='ltr'><strong>ut.</strong></span> 
     </span>
    </p>

    <p class='ocr_par' dir='ltr' id='par_1_3' title="bbox 147 1005 1319 2641">
     <span class='ocr_line' id='line_1_7' title="bbox 151 1005 1319 1076; baseline -0.003 -14"><span class='ocrx_word' id='word_1_59' title='bbox 151 1005 197 1062; x_wconf 84' lang='lat'><strong>16.</strong></span> <span class='ocrx_word' id='word_1_60' title='bbox 217 1007 385 1074; x_wconf 74' lang='lat' dir='ltr'><strong>Desponsata</strong></span> <span class='ocrx_word' id='word_1_61' title='bbox 398 1024 461 1076; x_wconf 86' lang='lat' dir='ltr'><strong>ergo</strong></span> <span class='ocrx_word' id='word_1_62' title='bbox 476 1012 517 1061; x_wconf 88' lang='lat' dir='ltr'><strong>est</strong></span> <span class='ocrx_word' id='word_1_63' title='bbox 529 1008 585 1060; x_wconf 83' lang='lat' dir='ltr'><strong>tttia</strong></span> <span class='ocrx_word' id='word_1_64' title='bbox 601 1008 671 1075; x_wconf 88' lang='lat' dir='ltr'><strong>regis</strong></span> <span class='ocrx_word' id='word_1_65' title='bbox 687 1007 833 1075; x_wconf 83' lang='lat' dir='ltr'><strong>Hungariae</strong></span> <span class='ocrx_word' id='word_1_66' title='bbox 845 1005 985 1058; x_wconf 87' lang='lat' dir='ltr'><strong>Elizabeth</strong></span> <span class='ocrx_word' id='word_1_67' title='bbox 998 1006 1154 1070; x_wconf 80' lang='lat' dir='ltr'><strong>Ludorvico,</strong></span> <span class='ocrx_word' id='word_1_68' title='bbox 1167 1006 1319 1074; x_wconf 74' lang='lat' dir='ltr'><strong>lantgravio</strong></span> 
     </span>
     <span class='ocr_line' id='line_1_8' title="bbox 147 1103 1319 1174; baseline 0.002 -18"><span class='ocrx_word' id='word_1_69' title='bbox 147 1104 254 1173; x_wconf 75' lang='lat' dir='ltr'><strong>turingiae,</strong></span> <span class='ocrx_word' id='word_1_70' title='bbox 265 1107 332 1172; x_wconf 86' lang='lat' dir='ltr'><strong>quia</strong></span> <span class='ocrx_word' id='word_1_71' title='bbox 351 1122 398 1174; x_wconf 92' lang='lat' dir='ltr'><strong>per</strong></span> <span class='ocrx_word' id='word_1_72' title='bbox 415 1105 521 1174; x_wconf 88' lang='lat' dir='ltr'><strong>singula</strong></span> <span class='ocrx_word' id='word_1_73' title='bbox 538 1110 710 1157; x_wconf 84' lang='lat' dir='ltr'><strong>sacramenta</strong></span> <span class='ocrx_word' id='word_1_74' title='bbox 727 1104 910 1156; x_wconf 83' lang='lat' dir='ltr'><strong>ecclesiastica</strong></span> <span class='ocrx_word' id='word_1_75' title='bbox 922 1103 1054 1156; x_wconf 85' lang='lat' dir='ltr'><strong>Dominus</strong></span> <span class='ocrx_word' id='word_1_76' title='bbox 1067 1103 1187 1157; x_wconf 87' lang='lat' dir='ltr'><strong>decrevit</strong></span> <span class='ocrx_word' id='word_1_77' title='bbox 1198 1121 1259 1157; x_wconf 90' lang='lat' dir='ltr'><strong>eam</strong></span> <span class='ocrx_word' id='word_1_78' title='bbox 1272 1104 1319 1158; x_wconf 91' lang='lat' dir='ltr'><strong>ali·</strong></span> 
     </span>
     <span class='ocr_line' id='line_1_9' title="bbox 147 1203 1319 1272; baseline 0.002 -17"><span class='ocrx_word' id='word_1_79' title='bbox 147 1203 252 1256; x_wconf 86' lang='lat' dir='ltr'><strong>antalam</strong></span> <span class='ocrx_word' id='word_1_80' title='bbox 263 1219 398 1257; x_wconf 82' lang='lat' dir='ltr'><strong>exercere.</strong></span> <span class='ocrx_word' id='word_1_81' title='bbox 408 1203 548 1271; x_wconf 84' lang='lat' dir='ltr'><strong>Siquidem</strong></span> <span class='ocrx_word' id='word_1_82' title='bbox 558 1219 614 1256; x_wconf 91' lang='lat' dir='ltr'><strong>non</strong></span> <span class='ocrx_word' id='word_1_83' title='bbox 624 1203 737 1271; x_wconf 85' lang='lat' dir='ltr'><strong>despicit</strong></span> <span class='ocrx_word' id='word_1_84' title='bbox 749 1203 822 1255; x_wconf 92' lang='lat' dir='ltr'><strong>Deus</strong></span> <span class='ocrx_word' id='word_1_85' title='bbox 834 1207 908 1254; x_wconf 88' lang='lat' dir='ltr'><strong>casta</strong></span> <span class='ocrx_word' id='word_1_86' title='bbox 920 1203 1066 1261; x_wconf 88' lang='lat' dir='ltr'><strong>connubia.</strong></span> <span class='ocrx_word' id='word_1_87' title='bbox 1078 1219 1127 1255; x_wconf 91' lang='lat' dir='ltr'><strong>nec</strong></span> <span class='ocrx_word' id='word_1_88' title='bbox 1140 1203 1165 1255; x_wconf 90' lang='lat' dir='ltr'><strong>ei</strong></span> <span class='ocrx_word' id='word_1_89' title='bbox 1177 1203 1319 1272; x_wconf 84' lang='lat' dir='ltr'><strong>displicent</strong></span> 
     </span>
     <span class='ocr_line' id='line_1_10' title="bbox 147 1300 1319 1370; baseline 0.002 -17"><span class='ocrx_word' id='word_1_90' title='bbox 147 1302 212 1367; x_wconf 82' lang='lat' dir='ltr'><strong>‚ithae</strong></span> <span class='ocrx_word' id='word_1_91' title='bbox 229 1301 404 1355; x_wconf 89' lang='lat' dir='ltr'><strong>matrimonia</strong></span> <span class='ocrx_word' id='word_1_92' title='bbox 422 1301 468 1370; x_wconf 87' lang='lat' dir='ltr'><strong>qui</strong></span> <span class='ocrx_word' id='word_1_93' title='bbox 494 1301 582 1370; x_wconf 92' lang='lat' dir='ltr'><strong>primo</strong></span> <span class='ocrx_word' id='word_1_94' title='bbox 600 1300 706 1354; x_wconf 92' lang='lat' dir='ltr'><strong>homini</strong></span> <span class='ocrx_word' id='word_1_95' title='bbox 724 1300 868 1353; x_wconf 90' lang='lat' dir='ltr'><strong>mulierem</strong></span> <span class='ocrx_word' id='word_1_96' title='bbox 887 1300 921 1352; x_wconf 89' lang='lat' dir='ltr'><strong>ad</strong></span> <span class='ocrx_word' id='word_1_97' title='bbox 939 1300 1135 1354; x_wconf 81' lang='lat' dir='ltr'><strong>fecunditatem</strong></span> <span class='ocrx_word' id='word_1_98' title='bbox 1155 1301 1238 1370; x_wconf 86' lang='lat' dir='ltr'><strong>prolis</strong></span> <span class='ocrx_word' id='word_1_99' title='bbox 1255 1307 1319 1355; x_wconf 87' lang='lat' dir='ltr'><strong>ante</strong></span> 
     </span>
     <span class='ocr_line' id='line_1_11' title="bbox 147 1400 1318 1470; baseline 0.002 -17"><span class='ocrx_word' id='word_1_100' title='bbox 147 1408 232 1454; x_wconf 83' lang='lat' dir='ltr'><strong>reatum</strong></span> <span class='ocrx_word' id='word_1_101' title='bbox 241 1403 417 1469; x_wconf 84' lang='lat' dir='ltr'><strong>conjungens,</strong></span> <span class='ocrx_word' id='word_1_102' title='bbox 427 1402 454 1453; x_wconf 89' lang='lat' dir='ltr'><strong>in</strong></span> <span class='ocrx_word' id='word_1_103' title='bbox 464 1401 580 1470; x_wconf 85' lang='lat' dir='ltr'><strong>posteris</strong></span> <span class='ocrx_word' id='word_1_104' title='bbox 589 1401 646 1453; x_wconf 92' lang='lat' dir='ltr'><strong>suis</strong></span> <span class='ocrx_word' id='word_1_105' title='bbox 654 1405 764 1468; x_wconf 90' lang='lat' dir='ltr'><strong>propter</strong></span> <span class='ocrx_word' id='word_1_106' title='bbox 773 1400 880 1468; x_wconf 92' lang='lat' dir='ltr'><strong>culpam</strong></span> <span class='ocrx_word' id='word_1_107' title='bbox 891 1400 926 1453; x_wconf 89' lang='lat' dir='ltr'><strong>ab</strong></span> <span class='ocrx_word' id='word_1_108' title='bbox 936 1401 996 1454; x_wconf 88' lang='lat' dir='ltr'><strong>aliis</strong></span> <span class='ocrx_word' id='word_1_109' title='bbox 1006 1400 1132 1455; x_wconf 73' lang='lat' dir='ltr'><strong>Ecclesia</strong></span> <span class='ocrx_word' id='word_1_110' title='bbox 1140 1402 1318 1455; x_wconf 83' lang='lat' dir='ltr'><strong>sacramentis</strong></span> 
     </span>
     <span class='ocr_line' id='line_1_12' title="bbox 147 1500 1318 1569; baseline 0.002 -16"><span class='ocrx_word' id='word_1_111' title='bbox 147 1501 240 1561; x_wconf 83' lang='lat' dir='ltr'><strong>‚itimum</strong></span> <span class='ocrx_word' id='word_1_112' title='bbox 254 1502 411 1569; x_wconf 83' lang='lat' dir='ltr'><strong>conjugium</strong></span> <span class='ocrx_word' id='word_1_113' title='bbox 425 1517 481 1554; x_wconf 93' lang='lat' dir='ltr'><strong>non</strong></span> <span class='ocrx_word' id='word_1_114' title='bbox 492 1501 631 1568; x_wconf 88' lang='lat' dir='ltr'><strong>disjunxit.</strong></span> <span class='ocrx_word' id='word_1_115' title='bbox 644 1501 676 1552; x_wconf 87' lang='lat' dir='ltr'><strong>Et</strong></span> <span class='ocrx_word' id='word_1_116' title='bbox 689 1500 750 1568; x_wconf 86' lang='lat' dir='ltr'><strong>quis</strong></span> <span class='ocrx_word' id='word_1_117' title='bbox 762 1515 823 1552; x_wconf 86' lang='lat' dir='ltr'><strong>eam</strong></span> <span class='ocrx_word' id='word_1_118' title='bbox 836 1500 939 1552; x_wconf 88' lang='lat' dir='ltr'><strong>nesciat</strong></span> <span class='ocrx_word' id='word_1_119' title='bbox 955 1516 988 1552; x_wconf 82' lang='lat' dir='ltr'><strong>err</strong></span> <span class='ocrx_word' id='word_1_120' title='bbox 1006 1500 1161 1554; x_wconf 88' lang='lat' dir='ltr'><strong>obedientia</strong></span> <span class='ocrx_word' id='word_1_121' title='bbox 1173 1502 1240 1555; x_wconf 89' lang='lat' dir='ltr'><strong>casti</strong></span> <span class='ocrx_word' id='word_1_122' title='bbox 1253 1518 1318 1555; x_wconf 89' lang='lat' dir='ltr'><strong>con-</strong></span> 
     </span>
     <span class='ocr_line' id='line_1_13' title="bbox 147 1598 1318 1668; baseline 0.003 -18"><span class='ocrx_word' id='word_1_123' title='bbox 147 1598 167 1664; x_wconf 69' lang='lat' dir='ltr'><strong>gii</strong></span> <span class='ocrx_word' id='word_1_124' title='bbox 177 1599 284 1653; x_wconf 85' lang='lat' dir='ltr'><strong>tructam</strong></span> <span class='ocrx_word' id='word_1_125' title='bbox 298 1601 464 1653; x_wconf 87' lang='lat' dir='ltr'><strong>tricesimum</strong></span> <span class='ocrx_word' id='word_1_126' title='bbox 478 1605 505 1652; x_wconf 88' lang='lat' dir='ltr'><strong>et</strong></span> <span class='ocrx_word' id='word_1_127' title='bbox 522 1616 554 1652; x_wconf 84' lang='lat' dir='ltr'><strong>ex</strong></span> <span class='ocrx_word' id='word_1_128' title='bbox 567 1599 735 1652; x_wconf 85' lang='lat' dir='ltr'><strong>continentia</strong></span> <span class='ocrx_word' id='word_1_129' title='bbox 747 1599 926 1666; x_wconf 88' lang='lat' dir='ltr'><strong>castitateque</strong></span> <span class='ocrx_word' id='word_1_130' title='bbox 939 1598 1041 1651; x_wconf 89' lang='lat' dir='ltr'><strong>viduali</strong></span> <span class='ocrx_word' id='word_1_131' title='bbox 1054 1600 1253 1668; x_wconf 85' lang='lat' dir='ltr'><strong>sexagesimum</strong></span> <span class='ocrx_word' id='word_1_132' title='bbox 1263 1603 1318 1654; x_wconf 82' lang='lat' dir='ltr'><strong>iru-</strong></span> 
     </span>
     <span class='ocr_line' id='line_1_14' title="bbox 147 1696 1319 1767; baseline 0.004 -19"><span class='ocrx_word' id='word_1_133' title='bbox 147 1714 173 1750; x_wconf 87' lang='lat' dir='ltr'><strong>m</strong></span> <span class='ocrx_word' id='word_1_134' title='bbox 180 1704 358 1767; x_wconf 82' lang='lat' dir='ltr'><strong>suscepturam</strong></span> <span class='ocrx_word' id='word_1_135' title='bbox 366 1700 374 1732; x_wconf 80' lang='lat'>¹</span> <span class='ocrx_word' id='word_1_136' title='bbox 381 1699 394 1751; x_wconf 85' lang='lat'><strong>?</strong></span> <span class='ocrx_word' id='word_1_137' title='bbox 402 1698 575 1766; x_wconf 85' lang='lat' dir='ltr'><strong>Quamquam</strong></span> <span class='ocrx_word' id='word_1_138' title='bbox 585 1697 653 1750; x_wconf 90' lang='lat' dir='ltr'><strong>citra</strong></span> <span class='ocrx_word' id='word_1_139' title='bbox 662 1696 841 1750; x_wconf 86' lang='lat' dir='ltr'><strong>centesimum</strong></span> <span class='ocrx_word' id='word_1_140' title='bbox 850 1697 1011 1766; x_wconf 89' lang='lat' dir='ltr'><strong>virginitatis</strong></span> <span class='ocrx_word' id='word_1_141' title='bbox 1022 1698 1142 1751; x_wconf 84' lang='lat' dir='ltr'><strong>fructum</strong></span> <span class='ocrx_word' id='word_1_142' title='bbox 1151 1715 1208 1752; x_wconf 90' lang='lat' dir='ltr'><strong>non</strong></span> <span class='ocrx_word' id='word_1_143' title='bbox 1216 1700 1319 1753; x_wconf 88' lang='lat' dir='ltr'><strong>decade</strong></span> 
     </span>
     <span class='ocr_line' id='line_1_15' title="bbox 147 1795 1318 1877; baseline 0.003 -29"><span class='ocrx_word' id='word_1_144' title='bbox 147 1797 391 1866; x_wconf 85' lang='lat' dir='ltr'><strong>atrahehatur:quin</strong></span> <span class='ocrx_word' id='word_1_145' title='bbox 398 1799 455 1864; x_wconf 90' lang='lat' dir='ltr'><strong>jam</strong></span> <span class='ocrx_word' id='word_1_146' title='bbox 465 1798 608 1851; x_wconf 87' lang='lat' dir='ltr'><strong>denarium</strong></span> <span class='ocrx_word' id='word_1_147' title='bbox 618 1800 725 1849; x_wconf 81' lang='lat' dir='ltr'><strong>aeternae</strong></span> <span class='ocrx_word' id='word_1_148' title='bbox 738 1795 913 1848; x_wconf 87' lang='lat' dir='ltr'><strong>beatitudiuis</strong></span> <span class='ocrx_word' id='word_1_149' title='bbox 922 1796 1059 1862; x_wconf 89' lang='lat' dir='ltr'><strong>obtinens,</strong></span> <span class='ocrx_word' id='word_1_150' title='bbox 1068 1797 1161 1851; x_wconf 88' lang='lat' dir='ltr'><strong>multis</strong></span> <span class='ocrx_word' id='word_1_151' title='bbox 1178 1797 1230 1851; x_wconf 90' lang='lat' dir='ltr'><strong>illic</strong></span> <span class='ocrx_word' id='word_1_152' title='bbox 1237 1797 1318 1877; x_wconf 35' lang='lat' dir='ltr'><strong>&#39;virgi-</strong></span> 
     </span>
     <span class='ocr_line' id='line_1_16' title="bbox 147 1894 1318 1965; baseline 0.004 -19"><span class='ocrx_word' id='word_1_153' title='bbox 147 1912 181 1947; x_wconf 78' lang='lat' dir='ltr'><strong>rus</strong></span> <span class='ocrx_word' id='word_1_154' title='bbox 190 1902 214 1949; x_wconf 88' lang='lat' dir='ltr'><strong>et</strong></span> <span class='ocrx_word' id='word_1_155' title='bbox 223 1897 324 1964; x_wconf 88' lang='lat' dir='ltr'><strong>angelis</strong></span> <span class='ocrx_word' id='word_1_156' title='bbox 333 1896 520 1965; x_wconf 71' lang='lat' dir='ltr'><strong>gloriosiorem</strong></span> <span class='ocrx_word' id='word_1_157' title='bbox 535 1912 664 1949; x_wconf 89' lang='lat' dir='ltr'><strong>coronam</strong></span> <span class='ocrx_word' id='word_1_158' title='bbox 676 1895 702 1948; x_wconf 93' lang='lat' dir='ltr'><strong>in</strong></span> <span class='ocrx_word' id='word_1_159' title='bbox 712 1894 787 1948; x_wconf 88' lang='lat' dir='ltr'><strong>coelis</strong></span> <span class='ocrx_word' id='word_1_160' title='bbox 799 1895 898 1962; x_wconf 88' lang='lat' dir='ltr'><strong>adepta</strong></span> <span class='ocrx_word' id='word_1_161' title='bbox 915 1900 963 1948; x_wconf 92' lang='lat' dir='ltr'><strong>est.</strong></span> <span class='ocrx_word' id='word_1_162' title='bbox 981 1895 1037 1948; x_wconf 83' lang='lat' dir='ltr'><strong>Aut</strong></span> <span class='ocrx_word' id='word_1_163' title='bbox 1053 1895 1115 1962; x_wconf 88' lang='lat' dir='ltr'><strong>quis</strong></span> <span class='ocrx_word' id='word_1_164' title='bbox 1127 1896 1232 1964; x_wconf 77' lang='lat' dir='ltr'><strong>ignoret</strong></span> <span class='ocrx_word' id='word_1_165' title='bbox 1243 1898 1318 1964; x_wconf 86' lang='lat' dir='ltr'><strong>quod</strong></span> 
     </span>
     <span class='ocr_line' id='line_1_17' title="bbox 148 1993 1318 2064; baseline 0.003 -18"><span class='ocrx_word' id='word_1_166' title='bbox 148 1994 205 2047; x_wconf 90' lang='lat' dir='ltr'><strong>dicto</strong></span> <span class='ocrx_word' id='word_1_167' title='bbox 216 1996 391 2048; x_wconf 87' lang='lat' dir='ltr'><strong>matrimonio</strong></span> <span class='ocrx_word' id='word_1_168' title='bbox 404 1995 509 2048; x_wconf 74' lang='lat' dir='ltr'><strong>ancillae</strong></span> <span class='ocrx_word' id='word_1_169' title='bbox 521 2011 577 2047; x_wconf 79' lang='lat' dir='ltr'><strong>suae</strong></span> <span class='ocrx_word' id='word_1_170' title='bbox 589 2010 622 2064; x_wconf 83' lang='lat' dir='ltr'><strong>ex</strong></span> <span class='ocrx_word' id='word_1_171' title='bbox 635 1994 694 2061; x_wconf 85' lang='lat' dir='ltr'><strong>ejus</strong></span> <span class='ocrx_word' id='word_1_172' title='bbox 706 1993 916 2046; x_wconf 89' lang='lat' dir='ltr'><strong>mansuetudine</strong></span> <span class='ocrx_word' id='word_1_173' title='bbox 929 1993 1015 2047; x_wconf 90' lang='lat' dir='ltr'><strong>voluit</strong></span> <span class='ocrx_word' id='word_1_174' title='bbox 1031 1993 1042 2028; x_wconf 70' lang='lat'>²</span> <span class='ocrx_word' id='word_1_175' title='bbox 1056 1995 1129 2048; x_wconf 91' lang='lat' dir='ltr'><strong>Deus</strong></span> <span class='ocrx_word' id='word_1_176' title='bbox 1143 1996 1238 2064; x_wconf 92' lang='lat' dir='ltr'><strong>lupum</strong></span> <span class='ocrx_word' id='word_1_177' title='bbox 1255 2013 1318 2050; x_wconf 92' lang='lat' dir='ltr'><strong>con·</strong></span> 
     </span>
     <span class='ocr_line' id='line_1_18' title="bbox 147 2093 1318 2162; baseline 0.005 -19"><span class='ocrx_word' id='word_1_178' title='bbox 147 2098 200 2145; x_wconf 90' lang='lat' dir='ltr'><strong>rtere</strong></span> <span class='ocrx_word' id='word_1_179' title='bbox 211 2100 236 2147; x_wconf 93' lang='lat' dir='ltr'><strong>et</strong></span> <span class='ocrx_word' id='word_1_180' title='bbox 247 2111 279 2147; x_wconf 90' lang='lat' dir='ltr'><strong>ex</strong></span> <span class='ocrx_word' id='word_1_181' title='bbox 293 2095 408 2147; x_wconf 91' lang='lat' dir='ltr'><strong>muliere</strong></span> <span class='ocrx_word' id='word_1_182' title='bbox 420 2094 591 2162; x_wconf 87' lang='lat' dir='ltr'><strong>disciplinata</strong></span> <span class='ocrx_word' id='word_1_183' title='bbox 608 2095 738 2146; x_wconf 88' lang='lat' dir='ltr'><strong>maritum</strong></span> <span class='ocrx_word' id='word_1_184' title='bbox 751 2093 860 2146; x_wconf 92' lang='lat' dir='ltr'><strong>leonem</strong></span> <span class='ocrx_word' id='word_1_185' title='bbox 879 2093 1012 2146; x_wconf 81' lang='lat' dir='ltr'><strong>domare?</strong></span> <span class='ocrx_word' id='word_1_186' title='bbox 1025 2093 1104 2160; x_wconf 91' lang='lat' dir='ltr'><strong>Quod</strong></span> <span class='ocrx_word' id='word_1_187' title='bbox 1117 2100 1145 2147; x_wconf 88' lang='lat' dir='ltr'><strong>et</strong></span> <span class='ocrx_word' id='word_1_188' title='bbox 1156 2094 1318 2149; x_wconf 84' lang='lat' dir='ltr'><strong>factumest.</strong></span> 
     </span>
     <span class='ocr_line' id='line_1_19' title="bbox 148 2192 1318 2261; baseline 0.006 -18"><span class='ocrx_word' id='word_1_189' title='bbox 148 2193 248 2245; x_wconf 88' lang='lat' dir='ltr'><strong>udabilia</strong></span> <span class='ocrx_word' id='word_1_190' title='bbox 257 2199 330 2246; x_wconf 82' lang='lat' dir='ltr'><strong>certe</strong></span> <span class='ocrx_word' id='word_1_191' title='bbox 343 2210 425 2261; x_wconf 89' lang='lat' dir='ltr'><strong>opera</strong></span> <span class='ocrx_word' id='word_1_192' title='bbox 438 2194 485 2246; x_wconf 91' lang='lat' dir='ltr'><strong>Dei</strong></span> <span class='ocrx_word' id='word_1_193' title='bbox 498 2194 526 2245; x_wconf 93' lang='lat' dir='ltr'><strong>in</strong></span> <span class='ocrx_word' id='word_1_194' title='bbox 540 2193 685 2246; x_wconf 86' lang='lat' dir='ltr'><strong>fornicaria</strong></span> <span class='ocrx_word' id='word_1_195' title='bbox 697 2208 729 2245; x_wconf 87' lang='lat' dir='ltr'><strong>ex</strong></span> <span class='ocrx_word' id='word_1_196' title='bbox 744 2192 936 2259; x_wconf 87' lang='lat' dir='ltr'><strong>conjunctione</strong></span> <span class='ocrx_word' id='word_1_197' title='bbox 946 2192 1015 2245; x_wconf 88' lang='lat' dir='ltr'><strong>Osee</strong></span> <span class='ocrx_word' id='word_1_198' title='bbox 1027 2195 1166 2261; x_wconf 77' lang='lat' dir='ltr'><strong>prophetae</strong></span> <span class='ocrx_word' id='word_1_199' title='bbox 1176 2195 1187 2228; x_wconf 76' lang='lat'>⁸</span> <span class='ocrx_word' id='word_1_200' title='bbox 1197 2201 1318 2251; x_wconf 86' lang='lat' dir='ltr'><strong>correcta</strong></span> 
     </span>
     <span class='ocr_line' id='line_1_20' title="bbox 147 2290 1318 2361; baseline 0.006 -19"><span class='ocrx_word' id='word_1_201' title='bbox 147 2293 273 2345; x_wconf 88' lang='lat' dir='ltr'><strong>emendata</strong></span> <span class='ocrx_word' id='word_1_202' title='bbox 290 2297 494 2361; x_wconf 90' lang='lat' dir='ltr'><strong>apparuerunt:</strong></span> <span class='ocrx_word' id='word_1_203' title='bbox 512 2292 560 2344; x_wconf 88' lang='lat' dir='ltr'><strong>sed</strong></span> <span class='ocrx_word' id='word_1_204' title='bbox 578 2290 665 2343; x_wconf 91' lang='lat' dir='ltr'><strong>multo</strong></span> <span class='ocrx_word' id='word_1_205' title='bbox 683 2290 865 2344; x_wconf 87' lang='lat' dir='ltr'><strong>laudabiliora</strong></span> <span class='ocrx_word' id='word_1_206' title='bbox 882 2291 910 2343; x_wconf 93' lang='lat' dir='ltr'><strong>in</strong></span> <span class='ocrx_word' id='word_1_207' title='bbox 928 2292 1105 2345; x_wconf 88' lang='lat' dir='ltr'><strong>conversione</strong></span> <span class='ocrx_word' id='word_1_208' title='bbox 1123 2298 1150 2345; x_wconf 91' lang='lat' dir='ltr'><strong>et</strong></span> <span class='ocrx_word' id='word_1_209' title='bbox 1166 2295 1318 2349; x_wconf 87' lang='lat' dir='ltr'><strong>sanctifica-</strong></span> 
     </span>
     <span class='ocr_line' id='line_1_21' title="bbox 148 2389 1318 2460; baseline 0.005 -20"><span class='ocrx_word' id='word_1_210' title='bbox 148 2404 175 2441; x_wconf 89' lang='lat' dir='ltr'><strong>ne</strong></span> <span class='ocrx_word' id='word_1_211' title='bbox 193 2390 330 2460; x_wconf 78' lang='lat' dir='ltr'><strong>lantgravii</strong></span> <span class='ocrx_word' id='word_1_212' title='bbox 351 2408 384 2444; x_wconf 91' lang='lat' dir='ltr'><strong>ex</strong></span> <span class='ocrx_word' id='word_1_213' title='bbox 406 2391 599 2458; x_wconf 89' lang='lat' dir='ltr'><strong>conjunctione</strong></span> <span class='ocrx_word' id='word_1_214' title='bbox 623 2389 727 2442; x_wconf 89' lang='lat' dir='ltr'><strong>ancillae</strong></span> <span class='ocrx_word' id='word_1_215' title='bbox 753 2390 802 2442; x_wconf 89' lang='lat' dir='ltr'><strong>Dei</strong></span> <span class='ocrx_word' id='word_1_216' title='bbox 826 2390 966 2443; x_wconf 87' lang='lat' dir='ltr'><strong>Elizabeth</strong></span> <span class='ocrx_word' id='word_1_217' title='bbox 989 2390 1118 2444; x_wconf 90' lang='lat' dir='ltr'><strong>omnibus</strong></span> <span class='ocrx_word' id='word_1_218' title='bbox 1139 2391 1242 2460; x_wconf 91' lang='lat' dir='ltr'><strong>liquide</strong></span> <span class='ocrx_word' id='word_1_219' title='bbox 1266 2392 1318 2447; x_wconf 89' lang='lat' dir='ltr'><strong>cla·</strong></span> 
     </span>
     <span class='ocr_line' id='line_1_22' title="bbox 147 2489 1315 2559; baseline 0.007 -21"><span class='ocrx_word' id='word_1_220' title='bbox 147 2493 212 2542; x_wconf 77' lang='lat' dir='ltr'><strong>arunt.</strong></span> <span class='ocrx_word' id='word_1_221' title='bbox 229 2491 418 2544; x_wconf 83' lang='lat' dir='ltr'><strong>Sanctificatus</strong></span> <span class='ocrx_word' id='word_1_222' title='bbox 439 2507 558 2558; x_wconf 86' lang='lat' dir='ltr'><strong>namque</strong></span> <span class='ocrx_word' id='word_1_223' title='bbox 571 2494 658 2542; x_wconf 85' lang='lat' dir='ltr'><strong>estex</strong></span> <span class='ocrx_word' id='word_1_224' title='bbox 671 2489 729 2557; x_wconf 90' lang='lat' dir='ltr'><strong>ipso</strong></span> <span class='ocrx_word' id='word_1_225' title='bbox 742 2489 879 2542; x_wconf 89' lang='lat' dir='ltr'><strong>connubio</strong></span> <span class='ocrx_word' id='word_1_226' title='bbox 904 2489 945 2542; x_wconf 90' lang='lat' dir='ltr'><strong>vir</strong></span> <span class='ocrx_word' id='word_1_227' title='bbox 964 2489 1080 2542; x_wconf 85' lang='lat' dir='ltr'><strong>infidelis</strong></span> <span class='ocrx_word' id='word_1_228' title='bbox 1092 2491 1104 2525; x_wconf 84' lang='lat'><strong>⁴</strong></span> <span class='ocrx_word' id='word_1_229' title='bbox 1115 2507 1164 2559; x_wconf 93' lang='lat' dir='ltr'><strong>per</strong></span> <span class='ocrx_word' id='word_1_230' title='bbox 1175 2492 1315 2546; x_wconf 91' lang='lat' dir='ltr'><strong>mulierem</strong></span> 
     </span>
     <span class='ocr_line' id='line_1_23' title="bbox 147 2584 212 2641; baseline 0.077 -5"><span class='ocrx_word' id='word_1_231' title='bbox 147 2584 212 2641; x_wconf 89' lang='lat' dir='ltr'><strong>elem.</strong></span> 
     </span>
    </p>

    <p class='ocr_par' dir='ltr' id='par_1_4' title="bbox 147 2683 1319 3052">
     <span class='ocr_line' id='line_1_24' title="bbox 153 2683 1318 2755; baseline 0.005 -18"><span class='ocrx_word' id='word_1_232' title='bbox 153 2683 195 2738; x_wconf 79' lang='lat'><strong>17.</strong></span> <span class='ocrx_word' id='word_1_233' title='bbox 216 2687 383 2755; x_wconf 86' lang='lat' dir='ltr'><strong>Desponsata</strong></span> <span class='ocrx_word' id='word_1_234' title='bbox 395 2701 492 2753; x_wconf 90' lang='lat' dir='ltr'><strong>nempe</strong></span> <span class='ocrx_word' id='word_1_235' title='bbox 506 2685 563 2738; x_wconf 92' lang='lat' dir='ltr'><strong>viro</strong></span> <span class='ocrx_word' id='word_1_236' title='bbox 577 2684 675 2737; x_wconf 91' lang='lat' dir='ltr'><strong>mulier</strong></span> <span class='ocrx_word' id='word_1_237' title='bbox 685 2690 780 2737; x_wconf 88' lang='lat' dir='ltr'><strong>tenera</strong></span> <span class='ocrx_word' id='word_1_238' title='bbox 792 2689 819 2737; x_wconf 94' lang='lat' dir='ltr'><strong>et</strong></span> <span class='ocrx_word' id='word_1_239' title='bbox 831 2684 947 2737; x_wconf 86' lang='lat' dir='ltr'><strong>delicata</strong></span> <span class='ocrx_word' id='word_1_240' title='bbox 961 2687 1096 2739; x_wconf 79' lang='lat' dir='ltr'><strong>“manum</strong></span> <span class='ocrx_word' id='word_1_241' title='bbox 1107 2703 1187 2741; x_wconf 88' lang='lat' dir='ltr'><strong>suam</strong></span> <span class='ocrx_word' id='word_1_242' title='bbox 1197 2688 1272 2743; x_wconf 87' lang='lat' dir='ltr'><strong>misit</strong></span> <span class='ocrx_word' id='word_1_243' title='bbox 1283 2690 1318 2743; x_wconf 90' lang='lat' dir='ltr'><strong>ad</strong></span> 
     </span>
     <span class='ocr_line' id='line_1_25' title="bbox 147 2781 1318 2851; baseline 0.007 -19"><span class='ocrx_word' id='word_1_244' title='bbox 147 2783 214 2848; x_wconf 66' lang='lat' dir='ltr'><strong>tta„</strong></span> <span class='ocrx_word' id='word_1_245' title='bbox 226 2790 252 2837; x_wconf 93' lang='lat' dir='ltr'><strong>et</strong></span> <span class='ocrx_word' id='word_1_246' title='bbox 269 2784 371 2836; x_wconf 91' lang='lat' dir='ltr'><strong>intuitu</strong></span> <span class='ocrx_word' id='word_1_247' title='bbox 385 2798 508 2850; x_wconf 81' lang='lat' dir='ltr'><strong>supernae</strong></span> <span class='ocrx_word' id='word_1_248' title='bbox 521 2782 781 2849; x_wconf 88' lang='lat' dir='ltr'><strong>recompensationis</strong></span> <span class='ocrx_word' id='word_1_249' title='bbox 792 2782 821 2834; x_wconf 91' lang='lat' dir='ltr'><strong>in</strong></span> <span class='ocrx_word' id='word_1_250' title='bbox 836 2781 921 2834; x_wconf 76' lang='lat' dir='ltr'><strong>“lana</strong></span> <span class='ocrx_word' id='word_1_251' title='bbox 933 2787 960 2835; x_wconf 90' lang='lat' dir='ltr'><strong>et</strong></span> <span class='ocrx_word' id='word_1_252' title='bbox 970 2782 1027 2836; x_wconf 93' lang='lat' dir='ltr'><strong>lino</strong></span> <span class='ocrx_word' id='word_1_253' title='bbox 1040 2824 1050 2847; x_wconf 82' lang='lat'>„</span> <span class='ocrx_word' id='word_1_254' title='bbox 1065 2789 1183 2851; x_wconf 87' lang='lat' dir='ltr'><strong>operata,</strong></span> <span class='ocrx_word' id='word_1_255' title='bbox 1196 2785 1275 2840; x_wconf 87' lang='lat' dir='ltr'><strong>idest</strong></span> <span class='ocrx_word' id='word_1_256' title='bbox 1290 2788 1318 2841; x_wconf 93' lang='lat' dir='ltr'><strong>in</strong></span> 
     </span>
     <span class='ocr_line' id='line_1_26' title="bbox 147 2880 1319 2950; baseline 0.01 -20"><span class='ocrx_word' id='word_1_257' title='bbox 147 2881 219 2935; x_wconf 88' lang='lat' dir='ltr'><strong>eribus</strong></span> <span class='ocrx_word' id='word_1_258' title='bbox 229 2882 337 2950; x_wconf 89' lang='lat' dir='ltr'><strong>pietatis</strong></span> <span class='ocrx_word' id='word_1_259' title='bbox 349 2886 377 2933; x_wconf 91' lang='lat' dir='ltr'><strong>et</strong></span> <span class='ocrx_word' id='word_1_260' title='bbox 389 2881 564 2948; x_wconf 78' lang='lat' dir='ltr'><strong>castigatione</strong></span> <span class='ocrx_word' id='word_1_261' title='bbox 577 2880 666 2933; x_wconf 90' lang='lat' dir='ltr'><strong>carnis</strong></span> <span class='ocrx_word' id='word_1_262' title='bbox 676 2896 706 2932; x_wconf 92' lang='lat' dir='ltr'><strong>se</strong></span> <span class='ocrx_word' id='word_1_263' title='bbox 718 2881 808 2948; x_wconf 90' lang='lat' dir='ltr'><strong>potius</strong></span> <span class='ocrx_word' id='word_1_264' title='bbox 820 2897 958 2939; x_wconf 78' lang='lat' dir='ltr'><strong>exercens,</strong></span> <span class='ocrx_word' id='word_1_265' title='bbox 967 2898 1063 2935; x_wconf 91' lang='lat' dir='ltr'><strong>omnes</strong></span> <span class='ocrx_word' id='word_1_266' title='bbox 1073 2883 1237 2939; x_wconf 90' lang='lat' dir='ltr'><strong>domesticos</strong></span> <span class='ocrx_word' id='word_1_267' title='bbox 1254 2904 1319 2942; x_wconf 88' lang='lat' dir='ltr'><strong>suos</strong></span> 
     </span>
     <span class='ocr_line' id='line_1_27' title="bbox 149 2978 1318 3052; baseline 0.008 -23"><span class='ocrx_word' id='word_1_268' title='bbox 149 2980 287 3046; x_wconf 78' lang='lat' dir='ltr'><strong>uplicibus„</strong></span> <span class='ocrx_word' id='word_1_269' title='bbox 308 2981 408 3033; x_wconf 90' lang='lat' dir='ltr'><strong>vestire</strong></span> <span class='ocrx_word' id='word_1_270' title='bbox 424 2978 528 3032; x_wconf 90' lang='lat' dir='ltr'><strong>studuit</strong></span> <span class='ocrx_word' id='word_1_271' title='bbox 538 2999 542 3030; x_wconf 92' lang='lat'>:</span> <span class='ocrx_word' id='word_1_272' title='bbox 552 2979 617 3046; x_wconf 85' lang='lat' dir='ltr'><strong>quia</strong></span> <span class='ocrx_word' id='word_1_273' title='bbox 626 2979 735 3046; x_wconf 84' lang='lat' dir='ltr'><strong>utrique</strong></span> <span class='ocrx_word' id='word_1_274' title='bbox 748 2978 824 3031; x_wconf 83' lang='lat' dir='ltr'><strong>sexui</strong></span> <span class='ocrx_word' id='word_1_275' title='bbox 836 2985 892 3031; x_wconf 91' lang='lat' dir='ltr'><strong>tarn</strong></span> <span class='ocrx_word' id='word_1_276' title='bbox 901 2979 1053 3047; x_wconf 86' lang='lat' dir='ltr'><strong>spiritualia</strong></span> <span class='ocrx_word' id='word_1_277' title='bbox 1061 2997 1144 3048; x_wconf 87' lang='lat' dir='ltr'><strong>quam</strong></span> <span class='ocrx_word' id='word_1_278' title='bbox 1157 2985 1318 3052; x_wconf 87' lang='lat' dir='ltr'><strong>temporalia</strong></span> 
     </span>
    </p>
   </div>
   <div class='ocr_carea' id='block_1_3' title="bbox 147 3078 1318 3151">
    <p class='ocr_par' dir='ltr' id='par_1_5' title="bbox 147 3078 1318 3151">
     <span class='ocr_line' id='line_1_28' title="bbox 147 3078 1318 3151; baseline 0.008 -24"><span class='ocrx_word' id='word_1_279' title='bbox 147 3085 275 3144; x_wconf 86' lang='lat' dir='ltr'><strong>upetenter</strong></span> <span class='ocrx_word' id='word_1_280' title='bbox 294 3080 479 3133; x_wconf 88' lang='lat' dir='ltr'><strong>administrari</strong></span> <span class='ocrx_word' id='word_1_281' title='bbox 496 3081 609 3143; x_wconf 89' lang='lat' dir='ltr'><strong>curavit,</strong></span> <span class='ocrx_word' id='word_1_282' title='bbox 628 3079 787 3147; x_wconf 89' lang='lat' dir='ltr'><strong>corporibus</strong></span> <span class='ocrx_word' id='word_1_283' title='bbox 807 3084 834 3131; x_wconf 90' lang='lat' dir='ltr'><strong>et.</strong></span> <span class='ocrx_word' id='word_1_284' title='bbox 852 3078 997 3131; x_wconf 86' lang='lat' dir='ltr'><strong>animabus</strong></span> <span class='ocrx_word' id='word_1_285' title='bbox 1019 3095 1131 3133; x_wconf 90' lang='lat' dir='ltr'><strong>suorum</strong></span> <span class='ocrx_word' id='word_1_286' title='bbox 1145 3080 1156 3114; x_wconf 78' lang='lat'><strong>⁶</strong></span> <span class='ocrx_word' id='word_1_287' title='bbox 1168 3097 1217 3148; x_wconf 90' lang='lat' dir='ltr'><strong>pro</strong></span> <span class='ocrx_word' id='word_1_288' title='bbox 1237 3099 1318 3151; x_wconf 86' lang='lat' dir='ltr'><strong>posse</strong></span> 
     </span>
    </p>
   </div>
   <div class='ocr_carea' id='block_1_4' title="bbox 147 3177 1319 4426">
    <p class='ocr_par' dir='ltr' id='par_1_6' title="bbox 147 3177 1319 4426">
     <span class='ocr_line' id='line_1_29' title="bbox 147 3177 1316 3248; baseline 0.008 -22"><span class='ocrx_word' id='word_1_289' title='bbox 147 3190 189 3230; x_wconf 86' lang='lat' dir='ltr'><strong>arn</strong></span> <span class='ocrx_word' id='word_1_290' title='bbox 197 3180 362 3248; x_wconf 85' lang='lat' dir='ltr'><strong>impendens,</strong></span> <span class='ocrx_word' id='word_1_291' title='bbox 374 3184 404 3231; x_wconf 89' lang='lat' dir='ltr'><strong>ut</strong></span> <span class='ocrx_word' id='word_1_292' title='bbox 412 3195 461 3247; x_wconf 90' lang='lat' dir='ltr'><strong>per</strong></span> <span class='ocrx_word' id='word_1_293' title='bbox 473 3179 552 3247; x_wconf 88' lang='lat' dir='ltr'><strong>digna</strong></span> <span class='ocrx_word' id='word_1_294' title='bbox 565 3194 648 3246; x_wconf 90' lang='lat' dir='ltr'><strong>opera</strong></span> <span class='ocrx_word' id='word_1_295' title='bbox 660 3179 752 3246; x_wconf 86' lang='lat' dir='ltr'><strong>gratiae</strong></span> <span class='ocrx_word' id='word_1_296' title='bbox 765 3177 905 3245; x_wconf 77' lang='lat' dir='ltr'><strong>praesentis</strong></span> <span class='ocrx_word' id='word_1_297' title='bbox 917 3182 1047 3231; x_wconf 83' lang='lat' dir='ltr'><strong>aetemam</strong></span> <span class='ocrx_word' id='word_1_298' title='bbox 1059 3178 1151 3247; x_wconf 79' lang='lat' dir='ltr'><strong>gloriae</strong></span> <span class='ocrx_word' id='word_1_299' title='bbox 1162 3182 1316 3235; x_wconf 90' lang='lat' dir='ltr'><strong>mercedem</strong></span> 
     </span>
     <span class='ocr_line' id='line_1_30' title="bbox 147 3276 1319 3346; baseline 0.004 -18"><span class='ocrx_word' id='word_1_300' title='bbox 147 3276 415 3345; x_wconf 80' lang='lat' dir='ltr'><strong>·ctpere1nererentur.</strong></span> <span class='ocrx_word' id='word_1_301' title='bbox 428 3277 568 3330; x_wconf 91' lang='lat' dir='ltr'><strong>Desiderio</strong></span> <span class='ocrx_word' id='word_1_302' title='bbox 578 3282 671 3329; x_wconf 89' lang='lat' dir='ltr'><strong>autem</strong></span> <span class='ocrx_word' id='word_1_303' title='bbox 686 3276 802 3329; x_wconf 77' lang='lat' dir='ltr'><strong>caelestis</strong></span> <span class='ocrx_word' id='word_1_304' title='bbox 815 3276 992 3329; x_wconf 85' lang='lat' dir='ltr'><strong>beatitudiuis</strong></span> <span class='ocrx_word' id='word_1_305' title='bbox 1003 3281 1031 3330; x_wconf 89' lang='lat' dir='ltr'><strong>et</strong></span> <span class='ocrx_word' id='word_1_306' title='bbox 1042 3293 1089 3345; x_wconf 88' lang='lat' dir='ltr'><strong>spe</strong></span> <span class='ocrx_word' id='word_1_307' title='bbox 1103 3278 1187 3346; x_wconf 90' lang='lat' dir='ltr'><strong>prolis</strong></span> <span class='ocrx_word' id='word_1_308' title='bbox 1197 3295 1319 3333; x_wconf 89' lang='lat' dir='ltr'><strong>commu·</strong></span> 
     </span>
     <span class='ocr_line' id='line_1_31' title="bbox 147 3374 1318 3445; baseline 0.003 -18"><span class='ocrx_word' id='word_1_309' title='bbox 147 3376 211 3428; x_wconf 77' lang='lat' dir='ltr'><strong>uda</strong></span> <span class='ocrx_word' id='word_1_310' title='bbox 223 3376 328 3429; x_wconf 81' lang='lat' dir='ltr'><strong>veritati</strong></span> <span class='ocrx_word' id='word_1_311' title='bbox 338 3375 561 3444; x_wconf 76' lang='lat' dir='ltr'><strong>perfruendaeque</strong></span> <span class='ocrx_word' id='word_1_312' title='bbox 571 3380 679 3427; x_wconf 82' lang='lat' dir='ltr'><strong>aeternae</strong></span> <span class='ocrx_word' id='word_1_313' title='bbox 690 3374 821 3435; x_wconf 80' lang='lat' dir='ltr'><strong>felicitati,</strong></span> <span class='ocrx_word' id='word_1_314' title='bbox 831 3375 910 3442; x_wconf 83' lang='lat' dir='ltr'><strong>quasi</strong></span> <span class='ocrx_word' id='word_1_315' title='bbox 919 3376 1028 3428; x_wconf 86' lang='lat' dir='ltr'><strong>duabus</strong></span> <span class='ocrx_word' id='word_1_316' title='bbox 1037 3375 1087 3428; x_wconf 90' lang='lat' dir='ltr'><strong>alis</strong></span> <span class='ocrx_word' id='word_1_317' title='bbox 1097 3377 1195 3443; x_wconf 81' lang='lat' dir='ltr'><strong>aquilae</strong></span> <span class='ocrx_word' id='word_1_318' title='bbox 1205 3393 1318 3445; x_wconf 84' lang='lat' dir='ltr'><strong>magnae‚</strong></span> 
     </span>
     <span class='ocr_line' id='line_1_32' title="bbox 147 3473 1318 3543; baseline 0.004 -20"><span class='ocrx_word' id='word_1_319' title='bbox 147 3479 192 3526; x_wconf 81' lang='lat' dir='ltr'><strong>&#39;ota</strong></span> <span class='ocrx_word' id='word_1_320' title='bbox 202 3477 297 3529; x_wconf 86' lang='lat' dir='ltr'><strong>mulier</strong></span> <span class='ocrx_word' id='word_1_321' title='bbox 307 3475 426 3534; x_wconf 82' lang='lat' dir='ltr'><strong>suffulta,</strong></span> <span class='ocrx_word' id='word_1_322' title='bbox 439 3473 584 3527; x_wconf 86' lang='lat' dir='ltr'><strong>sublevata</strong></span> <span class='ocrx_word' id='word_1_323' title='bbox 596 3479 637 3526; x_wconf 87' lang='lat' dir='ltr'><strong>est</strong></span> <span class='ocrx_word' id='word_1_324' title='bbox 652 3474 680 3526; x_wconf 93' lang='lat' dir='ltr'><strong>in</strong></span> <span class='ocrx_word' id='word_1_325' title='bbox 697 3474 793 3538; x_wconf 90' lang='lat' dir='ltr'><strong>altum,</strong></span> <span class='ocrx_word' id='word_1_326' title='bbox 807 3490 964 3527; x_wconf 87' lang='lat' dir='ltr'><strong>accrescens</strong></span> <span class='ocrx_word' id='word_1_327' title='bbox 976 3480 1004 3527; x_wconf 89' lang='lat' dir='ltr'><strong>et</strong></span> <span class='ocrx_word' id='word_1_328' title='bbox 1015 3474 1159 3543; x_wconf 82' lang='lat' dir='ltr'><strong>proficiens</strong></span> <span class='ocrx_word' id='word_1_329' title='bbox 1172 3476 1205 3528; x_wconf 92' lang='lat' dir='ltr'><strong>de</strong></span> <span class='ocrx_word' id='word_1_330' title='bbox 1218 3476 1318 3529; x_wconf 91' lang='lat' dir='ltr'><strong>virtute</strong></span> 
     </span>
     <span class='ocr_line' id='line_1_33' title="bbox 147 3571 1318 3642; baseline 0.003 -18"><span class='ocrx_word' id='word_1_331' title='bbox 147 3572 271 3628; x_wconf 82' lang='lat' dir='ltr'><strong>virtutem.</strong></span> <span class='ocrx_word' id='word_1_332' title='bbox 292 3574 359 3640; x_wconf 75' lang='lat' dir='ltr'><strong>Quae</strong></span> <span class='ocrx_word' id='word_1_333' title='bbox 379 3590 442 3626; x_wconf 89' lang='lat' dir='ltr'><strong>curn</strong></span> <span class='ocrx_word' id='word_1_334' title='bbox 462 3572 692 3626; x_wconf 87' lang='lat' dir='ltr'><strong>aniraadverteret</strong></span> <span class='ocrx_word' id='word_1_335' title='bbox 702 3571 824 3625; x_wconf 90' lang='lat' dir='ltr'><strong>animum</strong></span> <span class='ocrx_word' id='word_1_336' title='bbox 838 3572 962 3640; x_wconf 85' lang='lat' dir='ltr'><strong>conjugis</strong></span> <span class='ocrx_word' id='word_1_337' title='bbox 974 3572 1024 3635; x_wconf 82' lang='lat' dir='ltr'><strong>sui,</strong></span> <span class='ocrx_word' id='word_1_338' title='bbox 1038 3573 1142 3626; x_wconf 88' lang='lat' dir='ltr'><strong>ratione</strong></span> <span class='ocrx_word' id='word_1_339' title='bbox 1151 3574 1318 3642; x_wconf 89' lang='lat' dir='ltr'><strong>principatus</strong></span> 
     </span>
     <span class='ocr_line' id='line_1_34' title="bbox 155 3670 1317 3741; baseline 0.003 -18"><span class='ocrx_word' id='word_1_340' title='bbox 155 3673 240 3726; x_wconf 89' lang='lat' dir='ltr'><strong>multis</strong></span> <span class='ocrx_word' id='word_1_341' title='bbox 254 3672 417 3741; x_wconf 89' lang='lat' dir='ltr'><strong>implicitum</strong></span> <span class='ocrx_word' id='word_1_342' title='bbox 435 3671 550 3739; x_wconf 89' lang='lat' dir='ltr'><strong>negotiis</strong></span> <span class='ocrx_word' id='word_1_343' title='bbox 569 3672 695 3738; x_wconf 91' lang='lat' dir='ltr'><strong>curisque</strong></span> <span class='ocrx_word' id='word_1_344' title='bbox 707 3670 884 3733; x_wconf 87' lang='lat' dir='ltr'><strong>secularibus,</strong></span> <span class='ocrx_word' id='word_1_345' title='bbox 898 3670 1087 3723; x_wconf 88' lang='lat' dir='ltr'><strong>iuconsuetunr</strong></span> <span class='ocrx_word' id='word_1_346' title='bbox 1106 3672 1141 3724; x_wconf 90' lang='lat' dir='ltr'><strong>ad</strong></span> <span class='ocrx_word' id='word_1_347' title='bbox 1158 3672 1317 3739; x_wconf 84' lang='lat' dir='ltr'><strong>spiritualia,</strong></span> 
     </span>
     <span class='ocr_line' id='line_1_35' title="bbox 147 3768 1318 3839; baseline 0.004 -18"><span class='ocrx_word' id='word_1_348' title='bbox 147 3781 190 3823; x_wconf 85' lang='lat' dir='ltr'><strong>&#39;um</strong></span> <span class='ocrx_word' id='word_1_349' title='bbox 200 3778 226 3824; x_wconf 91' lang='lat' dir='ltr'><strong>et</strong></span> <span class='ocrx_word' id='word_1_350' title='bbox 236 3771 419 3824; x_wconf 89' lang='lat' dir='ltr'><strong>inconsultum</strong></span> <span class='ocrx_word' id='word_1_351' title='bbox 432 3770 466 3822; x_wconf 87' lang='lat' dir='ltr'><strong>ad</strong></span> <span class='ocrx_word' id='word_1_352' title='bbox 483 3770 536 3823; x_wconf 91' lang='lat' dir='ltr'><strong>sibi</strong></span> <span class='ocrx_word' id='word_1_353' title='bbox 553 3769 699 3823; x_wconf 88' lang='lat' dir='ltr'><strong>salutaria:</strong></span> <span class='ocrx_word' id='word_1_354' title='bbox 714 3775 744 3822; x_wconf 90' lang='lat' dir='ltr'><strong>ut</strong></span> <span class='ocrx_word' id='word_1_355' title='bbox 761 3768 911 3822; x_wconf 89' lang='lat' dir='ltr'><strong>debellaret</strong></span> <span class='ocrx_word' id='word_1_356' title='bbox 923 3775 978 3821; x_wconf 89' lang='lat' dir='ltr'><strong>tam</strong></span> <span class='ocrx_word' id='word_1_357' title='bbox 1000 3769 1127 3837; x_wconf 79' lang='lat' dir='ltr'><strong>frigidum</strong></span> <span class='ocrx_word' id='word_1_358' title='bbox 1146 3770 1318 3839; x_wconf 87' lang='lat' dir='ltr'><strong>rigidumque</strong></span> 
     </span>
     <span class='ocr_line' id='line_1_36' title="bbox 147 3870 1316 3937; baseline 0.002 -13"><span class='ocrx_word' id='word_1_359' title='bbox 147 3884 218 3935; x_wconf 81' lang='lat' dir='ltr'><strong>mum,</strong></span> <span class='ocrx_word' id='word_1_360' title='bbox 230 3875 240 3897; x_wconf 72' lang='lat'><em>‘</em></span> <span class='ocrx_word' id='word_1_361' title='bbox 251 3874 369 3925; x_wconf 83' lang='lat' dir='ltr'><strong>accinxit</strong></span> <span class='ocrx_word' id='word_1_362' title='bbox 380 3872 539 3925; x_wconf 86' lang='lat' dir='ltr'><strong>fortitudine</strong></span> <span class='ocrx_word' id='word_1_363' title='bbox 548 3871 656 3924; x_wconf 89' lang='lat' dir='ltr'><strong>lumbos</strong></span> <span class='ocrx_word' id='word_1_364' title='bbox 665 3887 730 3923; x_wconf 87' lang='lat' dir='ltr'><strong>suos</strong></span> <span class='ocrx_word' id='word_1_365' title='bbox 741 3912 752 3934; x_wconf 80' lang='lat'>„</span> <span class='ocrx_word' id='word_1_366' title='bbox 763 3875 791 3923; x_wconf 90' lang='lat' dir='ltr'><strong>et</strong></span> <span class='ocrx_word' id='word_1_367' title='bbox 802 3874 812 3895; x_wconf 70' lang='lat'>⁸</span> <span class='ocrx_word' id='word_1_368' title='bbox 825 3870 963 3923; x_wconf 90' lang='lat' dir='ltr'><strong>roboravit</strong></span> <span class='ocrx_word' id='word_1_369' title='bbox 973 3870 1116 3923; x_wconf 90' lang='lat' dir='ltr'><strong>brachium</strong></span> <span class='ocrx_word' id='word_1_370' title='bbox 1126 3887 1216 3925; x_wconf 88' lang='lat' dir='ltr'><strong>suum.</strong></span> <span class='ocrx_word' id='word_1_371' title='bbox 1226 3913 1237 3937; x_wconf 83' lang='lat'>,</span> <span class='ocrx_word' id='word_1_372' title='bbox 1248 3872 1316 3926; x_wconf 87' lang='lat' dir='ltr'><strong>Nam</strong></span> 
     </span>
     <span class='ocr_line' id='line_1_37' title="bbox 149 3966 1318 4036; baseline 0.005 -17"><span class='ocrx_word' id='word_1_373' title='bbox 149 3968 196 4021; x_wconf 88' lang='lat' dir='ltr'><strong>otis</strong></span> <span class='ocrx_word' id='word_1_374' title='bbox 211 3975 237 4022; x_wconf 90' lang='lat' dir='ltr'><strong>et</strong></span> <span class='ocrx_word' id='word_1_375' title='bbox 253 3968 456 4022; x_wconf 84' lang='lat' dir='ltr'><strong>instantissimis</strong></span> <span class='ocrx_word' id='word_1_376' title='bbox 468 3969 637 4021; x_wconf 89' lang='lat' dir='ltr'><strong>orationibus</strong></span> <span class='ocrx_word' id='word_1_377' title='bbox 647 3969 690 4022; x_wconf 91' lang='lat' dir='ltr'><strong>die</strong></span> <span class='ocrx_word' id='word_1_378' title='bbox 708 3973 845 4036; x_wconf 82' lang='lat' dir='ltr'><strong>noctuque</strong></span> <span class='ocrx_word' id='word_1_379' title='bbox 863 3984 911 4036; x_wconf 90' lang='lat' dir='ltr'><strong>pro</strong></span> <span class='ocrx_word' id='word_1_380' title='bbox 925 3966 1104 4020; x_wconf 88' lang='lat' dir='ltr'><strong>conversione</strong></span> <span class='ocrx_word' id='word_1_381' title='bbox 1116 3968 1220 4022; x_wconf 92' lang='lat' dir='ltr'><strong>domini</strong></span> <span class='ocrx_word' id='word_1_382' title='bbox 1235 3971 1277 4024; x_wconf 91' lang='lat' dir='ltr'><strong>sui</strong></span> <span class='ocrx_word' id='word_1_383' title='bbox 1290 3975 1318 4025; x_wconf 88' lang='lat' dir='ltr'><strong>et</strong></span> 
     </span>
     <span class='ocr_line' id='line_1_38' title="bbox 147 4065 1316 4135; baseline 0.005 -19"><span class='ocrx_word' id='word_1_384' title='bbox 147 4070 179 4118; x_wconf 90' lang='lat' dir='ltr'><strong>tte</strong></span> <span class='ocrx_word' id='word_1_385' title='bbox 193 4067 295 4120; x_wconf 87' lang='lat' dir='ltr'><strong>athleta</strong></span> <span class='ocrx_word' id='word_1_386' title='bbox 312 4066 412 4120; x_wconf 84' lang='lat' dir='ltr'><strong>Christi</strong></span> <span class='ocrx_word' id='word_1_387' title='bbox 435 4066 566 4133; x_wconf 87' lang='lat' dir='ltr'><strong>invigilat,</strong></span> <span class='ocrx_word' id='word_1_388' title='bbox 593 4083 648 4119; x_wconf 89' lang='lat' dir='ltr'><strong>non</strong></span> <span class='ocrx_word' id='word_1_389' title='bbox 666 4067 756 4119; x_wconf 88' lang='lat' dir='ltr'><strong>minus</strong></span> <span class='ocrx_word' id='word_1_390' title='bbox 773 4066 899 4135; x_wconf 89' lang='lat' dir='ltr'><strong>precihus</strong></span> <span class='ocrx_word' id='word_1_391' title='bbox 920 4065 1056 4119; x_wconf 88' lang='lat' dir='ltr'><strong>continuis</strong></span> <span class='ocrx_word' id='word_1_392' title='bbox 1075 4071 1103 4119; x_wconf 90' lang='lat' dir='ltr'><strong>et</strong></span> <span class='ocrx_word' id='word_1_393' title='bbox 1120 4068 1316 4122; x_wconf 83' lang='lat' dir='ltr'><strong>exhortationi·</strong></span> 
     </span>
     <span class='ocr_line' id='line_1_39' title="bbox 162 4164 1315 4234; baseline 0.002 -15"><span class='ocrx_word' id='word_1_394' title='bbox 162 4165 269 4234; x_wconf 83' lang='lat' dir='ltr'><strong>aliisque</strong></span> <span class='ocrx_word' id='word_1_395' title='bbox 285 4165 392 4234; x_wconf 89' lang='lat' dir='ltr'><strong>pietatis</strong></span> <span class='ocrx_word' id='word_1_396' title='bbox 413 4164 579 4232; x_wconf 89' lang='lat' dir='ltr'><strong>argumentis</strong></span> <span class='ocrx_word' id='word_1_397' title='bbox 591 4165 733 4218; x_wconf 88' lang='lat' dir='ltr'><strong>dominum</strong></span> <span class='ocrx_word' id='word_1_398' title='bbox 754 4182 833 4218; x_wconf 91' lang='lat' dir='ltr'><strong>suum</strong></span> <span class='ocrx_word' id='word_1_399' title='bbox 847 4170 999 4233; x_wconf 88' lang='lat' dir='ltr'><strong>opportune</strong></span> <span class='ocrx_word' id='word_1_400' title='bbox 1017 4170 1044 4217; x_wconf 93' lang='lat' dir='ltr'><strong>et</strong></span> <span class='ocrx_word' id='word_1_401' title='bbox 1062 4164 1244 4234; x_wconf 86' lang='lat' dir='ltr'><strong>inopportune</strong></span> <span class='ocrx_word' id='word_1_402' title='bbox 1258 4168 1269 4201; x_wconf 80' lang='lat'>⁶</span> <span class='ocrx_word' id='word_1_403' title='bbox 1281 4167 1315 4222; x_wconf 87' lang='lat' dir='ltr'><strong>de</strong></span> 
     </span>
     <span class='ocr_line' id='line_1_40' title="bbox 147 4263 1314 4333; baseline 0.003 -18"><span class='ocrx_word' id='word_1_404' title='bbox 147 4267 178 4316; x_wconf 86' lang='lat' dir='ltr'><strong>tte</strong></span> <span class='ocrx_word' id='word_1_405' title='bbox 194 4282 244 4318; x_wconf 88' lang='lat' dir='ltr'><strong>sua</strong></span> <span class='ocrx_word' id='word_1_406' title='bbox 261 4265 397 4317; x_wconf 85' lang='lat' dir='ltr'><strong>instruens</strong></span> <span class='ocrx_word' id='word_1_407' title='bbox 413 4268 440 4316; x_wconf 91' lang='lat' dir='ltr'><strong>et</strong></span> <span class='ocrx_word' id='word_1_408' title='bbox 457 4263 614 4316; x_wconf 86' lang='lat' dir='ltr'><strong>sollicitans.</strong></span> <span class='ocrx_word' id='word_1_409' title='bbox 635 4263 707 4330; x_wconf 87' lang='lat' dir='ltr'><strong>Quid</strong></span> <span class='ocrx_word' id='word_1_410' title='bbox 726 4280 781 4316; x_wconf 87' lang='lat' dir='ltr'><strong>non</strong></span> <span class='ocrx_word' id='word_1_411' title='bbox 800 4269 951 4317; x_wconf 92' lang='lat' dir='ltr'><strong>mereretur</strong></span> <span class='ocrx_word' id='word_1_412' title='bbox 969 4269 1045 4316; x_wconf 90' lang='lat' dir='ltr'><strong>tanta</strong></span> <span class='ocrx_word' id='word_1_413' title='bbox 1065 4264 1225 4318; x_wconf 79' lang='lat' dir='ltr'><strong>humilitas?</strong></span> <span class='ocrx_word' id='word_1_414' title='bbox 1244 4265 1314 4333; x_wconf 88' lang='lat' dir='ltr'><strong>Quid</strong></span> 
     </span>
     <span class='ocr_line' id='line_1_41' title="bbox 155 4360 1041 4426; baseline 0 -11"><span class='ocrx_word' id='word_1_415' title='bbox 155 4362 286 4415; x_wconf 86' lang='lat' dir='ltr'><strong>obtineret</strong></span> <span class='ocrx_word' id='word_1_416' title='bbox 297 4367 373 4414; x_wconf 88' lang='lat' dir='ltr'><strong>tanta</strong></span> <span class='ocrx_word' id='word_1_417' title='bbox 381 4362 500 4414; x_wconf 77' lang='lat' dir='ltr'><strong>caritas?</strong></span> <span class='ocrx_word' id='word_1_418' title='bbox 510 4360 580 4426; x_wconf 90' lang='lat' dir='ltr'><strong>Quid</strong></span> <span class='ocrx_word' id='word_1_419' title='bbox 592 4377 648 4415; x_wconf 91' lang='lat' dir='ltr'><strong>non</strong></span> <span class='ocrx_word' id='word_1_420' title='bbox 657 4363 792 4416; x_wconf 88' lang='lat' dir='ltr'><strong>emolliret</strong></span> <span class='ocrx_word' id='word_1_421' title='bbox 802 4367 878 4416; x_wconf 87' lang='lat' dir='ltr'><strong>tanta</strong></span> <span class='ocrx_word' id='word_1_422' title='bbox 888 4361 1041 4415; x_wconf 79' lang='lat' dir='ltr'><strong>sedulitas?</strong></span> 
     </span>
    </p>
   </div>
   <div class='ocr_carea' id='block_1_5' title="bbox 147 4590 1313 4739">
    <p class='ocr_par' dir='ltr' id='par_1_7' title="bbox 147 4590 1313 4739">
     <span class='ocr_line' id='line_1_42' title="bbox 147 4590 1313 4659; baseline 0.003 -15"><span class='ocrx_word' id='word_1_423' title='bbox 147 4595 184 4644; x_wconf 83' lang='lat' dir='ltr'><strong>ita</strong></span> <span class='ocrx_word' id='word_1_424' title='bbox 194 4592 226 4654; x_wconf 66' lang='grc'><strong>”2;</strong></span> <span class='ocrx_word' id='word_1_425' title='bbox 238 4591 420 4659; x_wconf 85' lang='lat' dir='ltr'><strong>susceptivam</strong></span> <span class='ocrx_word' id='word_1_426' title='bbox 432 4591 454 4643; x_wconf 87' lang='lat'><strong>1.</strong></span> <span class='ocrx_word' id='word_1_427' title='bbox 470 4619 494 4628; x_wconf 93' lang='lat'>-</span> <span class='ocrx_word' id='word_1_428' title='bbox 508 4591 519 4623; x_wconf 61' lang='lat'><strong><em>³</em></strong></span> <span class='ocrx_word' id='word_1_429' title='bbox 531 4590 648 4643; x_wconf 90' lang='lat' dir='ltr'><strong>voluerit</strong></span> <span class='ocrx_word' id='word_1_430' title='bbox 659 4592 683 4643; x_wconf 71' lang='lat'><strong>2.</strong></span> <span class='ocrx_word' id='word_1_431' title='bbox 692 4620 724 4627; x_wconf 93' lang='lat'>-</span> <span class='ocrx_word' id='word_1_432' title='bbox 733 4591 744 4624; x_wconf 81' lang='lat'>³</span> <span class='ocrx_word' id='word_1_433' title='bbox 753 4592 827 4644; x_wconf 82' lang='lat' dir='ltr'><strong>codd.</strong></span> <span class='ocrx_word' id='word_1_434' title='bbox 840 4591 982 4659; x_wconf 88' lang='lat' dir='ltr'><strong>propheta.</strong></span> <span class='ocrx_word' id='word_1_435' title='bbox 995 4593 1049 4628; x_wconf 62' lang='lat'><strong>-1</strong></span> <span class='ocrx_word' id='word_1_436' title='bbox 1063 4595 1101 4645; x_wconf 83' lang='lat' dir='ltr'><strong>ita</strong></span> <span class='ocrx_word' id='word_1_437' title='bbox 1113 4593 1139 4655; x_wconf 58' lang='grc' dir='ltr'><strong>ἐς</strong></span> <span class='ocrx_word' id='word_1_438' title='bbox 1152 4592 1239 4647; x_wconf 85' lang='lat' dir='ltr'><strong>fidelis</strong></span> <span class='ocrx_word' id='word_1_439' title='bbox 1254 4597 1274 4649; x_wconf 90' lang='lat' dir='ltr'><strong>l.</strong></span> <span class='ocrx_word' id='word_1_440' title='bbox 1284 4624 1313 4634; x_wconf 94' lang='lat'>-</span> 
     </span>
     <span class='ocr_line' id='line_1_43' title="bbox 147 4672 677 4739; baseline -0.002 -13"><span class='ocrx_word' id='word_1_441' title='bbox 147 4673 187 4726; x_wconf 75' lang='lat' dir='ltr'><strong>abo</strong></span> <span class='ocrx_word' id='word_1_442' title='bbox 198 4673 272 4725; x_wconf 84' lang='lat' dir='ltr'><strong>codd.</strong></span> <span class='ocrx_word' id='word_1_443' title='bbox 284 4685 407 4725; x_wconf 82' lang='lat' dir='ltr'><strong>suarum:</strong></span> <span class='ocrx_word' id='word_1_444' title='bbox 420 4700 447 4709; x_wconf 94' lang='lat'>-</span> <span class='ocrx_word' id='word_1_445' title='bbox 460 4672 472 4706; x_wconf 81' lang='lat'><strong>⁶</strong></span> <span class='ocrx_word' id='word_1_446' title='bbox 484 4672 641 4739; x_wconf 90' lang='lat' dir='ltr'><strong>importune</strong></span> <span class='ocrx_word' id='word_1_447' title='bbox 653 4673 677 4725; x_wconf 72' lang='lat' dir='ltr'><strong>D.</strong></span> 
     </span>
    </p>
   </div>
   <div class='ocr_carea' id='block_1_6' title="bbox 0 0 1576 5392">
    <p class='ocr_par' dir='ltr' id='par_1_8' title="bbox 0 0 1576 5392">
     <span class='ocr_line' id='line_1_44' title="bbox 0 0 1576 5392; baseline 0 0"><span class='ocrx_word' id='word_1_448' title='bbox 0 0 1576 5392; x_wconf 95' lang='lat' dir='ltr'><strong> </strong></span> 
     </span>
    </p>
   </div>
  </div>
 </body>
</html>
