3142 5392
170 326 240 399 196
504 344 630 395 cirin.
657 344 760 395 cono.
787 343 1064 395 nncrocnnrrnc.

200 538 232 593 Ν·
241 538 271 591 Β·
283 539 315 591 1¹1
324 537 385 590 Vita
399 536 425 589 S·
438 535 574 589 Brunonis
586 537 614 602 (a
624 553 649 604 p.
662 535 784 591 titt-iiiiii
794 534 896 587 inserta
904 539 947 588 est
958 535 1010 587 sub
1022 535 1147 589 rubrica:
1164 537 1203 589 De
1216 519 1365 589 conditi*

168 639 196 691 S.
205 639 348 704 Emgtslr',
359 637 526 689 Colonieneie
543 636 746 702 archiepiscopi,
763 633 858 686 relatio
871 634 945 687 edita
956 633 1028 686 inter
1047 636 1217 688 Monumento
1233 615 1373 688 amoni&

168 739 235 790 tom
245 734 297 799 cit,
309 751 352 803 pp.
361 733 418 797 tls,
430 734 487 786 Ἠ).

201 834 340 902 Insupera
352 851 377 902 p.
387 832 505 893 molle,
515 831 566 884 col.
581 833 602 892 i,
614 830 738 893 lin.t(ln
755 849 782 884 se
792 833 947 899 completum
961 835 1057 896 norit),
1069 831 1196 885 inseritur
1203 832 1251 884 sub
1264 821 1368 883 mirisa

169 932 395 984 Detronetoir'one
403 931 492 982 sandi
503 930 629 992 Patrocli,
640 927 737 980 relatio
749 927 822 980 edita
832 933 897 981 tom.
909 929 993 980 modo
1006 929 1059 993 cit„
1071 946 1114 997 pp.
1125 931 1183 993 980,
1193 930 1248 982 981.

270 1032 332 1103 170
355 1029 638 1102 Testamentum
657 1028 785 1100 domni
802 1028 894 1100 etin
911 1028 1059 1101 Christo
1085 1029 1277 1103 venerandi
1294 1030 1377 1101 Bru

317 1144 428 1217 nonis
442 1143 706 1235 archiepiscopi
719 1142 951 1216 Coloniensis
964 1146 1015 1236 (p.
1029 1146 1221 1238 lot-los).

201 1275 311 1329 Editum
324 1274 396 1337 ibid,
408 1290 435 1341 p.
445 1274 503 1331 ert.
512 1289 588 1326 num.
596 1273 637 1325 49.

272 1379 332 1449 180
358 1375 509 1466 [Versus
528 1374 670 1466 aliquot
696 1375 735 1446 in
752 1375 900 1448 laudem
927 1376 963 1448 S.
989 1376 1191 1470 Brunonis]
1212 1383 1283 1471 (pp.
1305 1374 1377 1449 46³

317 1491 418 1584 469).

202 1621 274 1676 Editi
286 1620 359 1681 ibid.¹
369 1637 395 1688 p.
403 1620 460 1672 tie.
468 1646 502 1657 —
513 1619 652 1687 Leguntur
661 1618 725 1671 dein
737 1618 764 1672 in
777 1621 837 1672 cod.
846 1621 1005 1688 sequentia:
1103 1628 1106 1635 '

293 1717 387 1796 Quod
403 1718 445 1781 de
466 1717 577 1782 casula
599 1717 780 1781 mandastis
794 1718 904 1782 domni
924 1718 1095 1795 anonis‚
1118 1739 1193 1784 eam
1216 1722 1309 1786 fuisse
1326 1739 1377 1786 n«

335 1816 489 1881 dubitetis
508 1835 608 1897 quarn
628 1817 730 1880 nostri
753 1817 877 1897 priores
901 1817 1106 1899 Engilbertus
1128 1822 1160 1883 et
1180 1822 1277 1885 ceteri
1296 1820 1372 1903 ipsi

334 1916 464 1980 nomine
488 1915 522 1978 in
548 1915 692 1978 maxima
714 1916 899 1994 habuerunt
915 1917 1125 1982 veneratione
1145 1938 1250 2001 eoquo
1270 1940 1377 2001 semp

334 2015 384 2078 usi
397 2017 473 2078 sunt
487 2014 520 2076 in
535 2012 626 2077 obitu
643 2015 715 2096 tric)
733 2014 803 2095 ejus
815 2015 951 2079 solemni
963 2019 1282 2083 commemoratione.

273 2136 333 2207 190
358 2132 461 2205 Visio
479 2130 681 2223 Elyzabeih
703 2132 748 2204 de
778 2131 1034 2224 assumptione
1051 2133 1171 2207 beatae
1187 2136 1308 2209 Mariae
1323 2134 1377 2208 ri

319 2246 415 2340 ginis
429 2254 480 2338 (p.
500 2246 688 2336 eii-5028).

203 2376 281 2432 Edita
294 2377 321 2430 in
339 2392 422 2444 opere
431 2374 561 2442 inscripto
581 2374 688 2442 Corpus
699 2375 888 2426 reretatr'onum
901 2374 948 2427 SS.
960 2375 1091 2442 Biryittoe,
1111 2378 1377 2445 Heroopoliten?

170 2480 256 2543 batn,
268 2474 399 2545 (Coloniae
420 2473 575 2542 Agrippinas
588 2473 662 2530 1698)
673 2489 700 2541 p.
717 2473 834 2526 monn.
852 2501 884 2510 -
901 2473 954 2526 Sed
975 2474 1003 2526 in
1025 2476 1085 2529 cod.
1097 2475 1206 2546 incipit:
1219 2480 1252 2531 In
1263 2496 1377 2532 antw-

170 2579 295 2648 miln'per
305 2577 430 2642 (inpetrem
443 2575 579 2626 Domini...
588 2572 710 2625 Desinit:
723 2571 828 2639 Corpus
834 2589 921 2624 orcum
931 2581 1009 2628 terrie
1020 2579 1240 2632 commendavere.

647 2802 916 2811 .———-——-....—-

496 3075 700 3187 Appendix
724 3077 774 3163 od
799 3075 880 3163 cod.
910 3077 1071 3166 329-41.

342 3331 380 3374 or
401 3332 427 3374 s.
450 3331 558 3373 sterno
580 3329 733 3372 nnnrrnu.
755 3309 832 3392 (Cir.
854 3329 963 3391 supra,
985 3330 1058 3392 pag.
1084 3311 1152 3389 195,
1173 3313 1231 3394 8⁰.)

237 3512 381 3572 Relatio
396 3513 569 3583 quomodo
584 3512 740 3582 eiusdem
751 3507 901 3583 pretiosi
915 3513 1093 3582 martyr-ts
1106 3512 1270 3584 reliquiis
1284 3515 1329 3572 ad

414 3615 575 3670 nostrum
589 3612 783 3670 transletae
797 3612 880 3670 sunt
894 3611 1160 3670 monasterium.

212 3801 252 3856 1..
268 3799 339 3867 Quis
351 3800 449 3852 earitrrs
462 3812 519 3850 non
527 3797 636 3851 inflatur
646 3814 695 3850 nec
707 3799 778 3866 sopit
789 3797 912 3866 superbe,
922 3799 957 3851 ab
966 3797 1121 3866 exiguitatis
1133 3805 1235 3854 nostrie
1246 3798 1377 3854 omittit-

168 3899 325 3953 fraternitas
334 3900 424 3949 restre
437 3909 492 3947 non
502 3894 663 3947 detrectavit
673 3895 810 3961 requirere
819 3895 841 3947 si
854 3894 920 3964 quid
932 3894 1002 3947 forte
1013 3895 1276 3965 quomodocumque
1292 3911 1377 3965 cape*

167 4014 231 4052 mus
243 3997 276 4050 de
285 3994 397 4065 pretiosi
410 3993 536 4063 martyris
547 3992 641 4046 Albini
658 3993 843 4046 translatione.
856 3992 934 4046 Unde
952 3992 1084 4062 quidquid
1102 3994 1147 4048 vel
1163 3995 1300 4062 majorum
1312 3995 1377 4048 rel&

169 4096 212 4151 vel
228 4112 261 4149 ex
274 4095 407 4148 librorum
425 4091 566 4145 annalium
588 4091 657 4145 serie
677 4090 816 4160 potuimus
834 4090 968 4159 colligere,
986 4092 1143 4146 curarimus
1162 4093 1243 4147 vobis
1255 4094 1358 4148 insinua

169 4195 223 4248 Nec
235 4191 427 4262 dedignemini,
445 4207 611 4261 quaesumus,
634 4191 675 4243 vel
695 4206 779 4243 unam
797 4190 930 4243 ariditatis
947 4195 1048 4244 nostres
1060 4190 1161 4245 stillam
1182 4192 1292 4247 tlueotis
1304 4198 1377 4247 rest-

169 4293 283 4355 infundi,
296 4308 358 4346 curn
368 4307 401 4344 ex
414 4289 591 4344 inundatione
605 4294 694 4343 restra
707 4306 757 4342 nos
769 4306 837 4358 opus
846 4289 999 4343 habeamus
1009 4290 1121 4359 irrigari.
1133 4290 1240 4345 Caritas
1254 4293 1328 4346 enim
1337 4304 1377 4345 cr!

168 4392 263 4447 omnio
280 4391 379 4454 vincat,
396 4390 464 4443 etin
481 4389 535 4442 hoc
547 4393 647 4441 nostrie
664 4388 807 4458 praeraluit
823 4389 1033 4442 verecundircut
1045 4389 1184 4458 imperiti¹
1200 4407 1366 4460 presumant

169 4487 340 4558 peritissimis
350 4487 477 4541 scribere.
489 4486 681 4556 Praeelegimus
690 4503 755 4540 rero
763 4485 891 4556 ingenioli
901 4487 987 4541 nostri
997 4487 1141 4542 scribendo
1150 4490 1304 4557 periculum
1313 4492 1377 4545 loce·

203 4688 213 4723 ¹
226 4689 281 4742 cod.
294 4687 435 4756 impartiri.
