<?xml version="1.0" encoding="UTF-8"?>
<!DOCTYPE html PUBLIC "-//W3C//DTD XHTML 1.0 Transitional//EN"
    "http://www.w3.org/TR/xhtml1/DTD/xhtml1-transitional.dtd">
<html xmlns="http://www.w3.org/1999/xhtml" xml:lang="en" lang="en">
 <head>
  <title>
</title>
<meta http-equiv="Content-Type" content="text/html;charset=utf-8" />
  <meta name='ocr-system' content='tesseract 3.04.00' />
  <meta name='ocr-capabilities' content='ocr_page ocr_carea ocr_par ocr_line ocrx_word'/>
</head>
<body>
  <div class='ocr_page' id='page_1' title='image "./cataloguscodicu01belggoog_0332.png"; bbox 0 0 3142 5392; ppageno 0'>
   <div class='ocr_carea' id='block_1_1' title="bbox 360 316 1362 390">
    <p class='ocr_par' dir='ltr' id='par_1_1' title="bbox 360 316 1362 390">
     <span class='ocr_line' id='line_1_1' title="bbox 360 316 1362 390; baseline -0.003 0"><span class='ocrx_word' id='word_1_1' title='bbox 360 341 451 390; x_wconf 74' lang='lat' dir='ltr'>arsi.</span> <span class='ocrx_word' id='word_1_2' title='bbox 477 338 558 389; x_wconf 79' lang='lat' dir='ltr'>aaa.</span> <span class='ocrx_word' id='word_1_3' title='bbox 586 337 757 388; x_wconf 75' lang='lat' dir='ltr'>sauram.</span> <span class='ocrx_word' id='word_1_4' title='bbox 786 359 833 368; x_wconf 93' lang='lat'>—</span> <span class='ocrx_word' id='word_1_5' title='bbox 858 338 938 388; x_wconf 85' lang='lat' dir='ltr'>cau.</span> <span class='ocrx_word' id='word_1_6' title='bbox 966 333 1002 386; x_wconf 63' lang='grc' dir='ltr'>ΝΟ</span> <span class='ocrx_word' id='word_1_7' title='bbox 1028 337 1133 387; x_wconf 79' lang='lat' dir='ltr'>rouo-s.</span> <span class='ocrx_word' id='word_1_8' title='bbox 1291 316 1362 387; x_wconf 82' lang='lat'>309</span> 
     </span>
    </p>
   </div>
   <div class='ocr_carea' id='block_1_2' title="bbox 379 651 1108 761">
    <p class='ocr_par' dir='ltr' id='par_1_2' title="bbox 379 651 1108 761">
     <span class='ocr_line' id='line_1_2' title="bbox 379 651 1108 761; baseline -0.005 -22"><span class='ocrx_word' id='word_1_9' title='bbox 379 652 481 739; x_wconf 83' lang='lat' dir='ltr'><strong>XLI.</strong></span> <span class='ocrx_word' id='word_1_10' title='bbox 511 652 637 738; x_wconf 82' lang='lat' dir='ltr'>(lodex</span> <span class='ocrx_word' id='word_1_11' title='bbox 660 651 849 761; x_wconf 82' lang='lat' dir='ltr'>signatus</span> <span class='ocrx_word' id='word_1_12' title='bbox 873 671 917 736; x_wconf 87' lang='lat' dir='ltr'>n⁰</span> <span class='ocrx_word' id='word_1_13' title='bbox 942 652 1108 739; x_wconf 77' lang='lat'>1900-5.</span> 
     </span>
    </p>
   </div>
   <div class='ocr_carea' id='block_1_3' title="bbox 98 852 1368 1614">
    <p class='ocr_par' dir='ltr' id='par_1_3' title="bbox 98 852 1366 1515">
     <span class='ocr_line' id='line_1_3' title="bbox 138 852 1362 921; baseline -0.002 -16"><span class='ocrx_word' id='word_1_14' title='bbox 138 853 308 908; x_wconf 85' lang='lat' dir='ltr'>Foliorum</span> <span class='ocrx_word' id='word_1_15' title='bbox 328 856 382 917; x_wconf 73' lang='lat' dir='ltr'>tut,</span> <span class='ocrx_word' id='word_1_16' title='bbox 394 856 489 908; x_wconf 81' lang='lat' dir='ltr'>fonnae</span> <span class='ocrx_word' id='word_1_17' title='bbox 507 855 622 908; x_wconf 91' lang='lat' dir='ltr'>minoris</span> <span class='ocrx_word' id='word_1_18' title='bbox 634 854 757 919; x_wconf 55' lang='lat' dir='ltr'>(Omra-&#39;tx</span> <span class='ocrx_word' id='word_1_19' title='bbox 773 854 822 918; x_wconf 78' lang='lat' dir='ltr'>tl),</span> <span class='ocrx_word' id='word_1_20' title='bbox 834 853 913 905; x_wconf 89' lang='lat' dir='ltr'>lineis</span> <span class='ocrx_word' id='word_1_21' title='bbox 929 852 1022 921; x_wconf 75' lang='lat' dir='ltr'>plenis</span> <span class='ocrx_word' id='word_1_22' title='bbox 1037 852 1151 905; x_wconf 88' lang='lat' dir='ltr'>diversis</span> <span class='ocrx_word' id='word_1_23' title='bbox 1164 852 1291 906; x_wconf 87' lang='lat' dir='ltr'>manibus</span> <span class='ocrx_word' id='word_1_24' title='bbox 1300 867 1362 904; x_wconf 85' lang='lat' dir='ltr'>exa·</span> 
     </span>
     <span class='ocr_line' id='line_1_4' title="bbox 98 949 1362 1018; baseline -0.002 -16"><span class='ocrx_word' id='word_1_25' title='bbox 98 957 197 1004; x_wconf 82' lang='lat' dir='ltr'>ratus</span> <span class='ocrx_word' id='word_1_26' title='bbox 210 953 314 1006; x_wconf 82' lang='lat' dir='ltr'>seculo</span> <span class='ocrx_word' id='word_1_27' title='bbox 327 953 382 1005; x_wconf 81' lang='lat' dir='ltr'>XT.</span> <span class='ocrx_word' id='word_1_28' title='bbox 392 952 475 1006; x_wconf 87' lang='lat' dir='ltr'>Tituli</span> <span class='ocrx_word' id='word_1_29' title='bbox 486 957 641 1006; x_wconf 87' lang='lat' dir='ltr'>atramento</span> <span class='ocrx_word' id='word_1_30' title='bbox 654 951 788 1018; x_wconf 71' lang='lat' dir='ltr'>descripti,</span> <span class='ocrx_word' id='word_1_31' title='bbox 800 951 848 1003; x_wconf 90' lang='lat' dir='ltr'>sed</span> <span class='ocrx_word' id='word_1_32' title='bbox 861 949 961 1003; x_wconf 88' lang='lat' dir='ltr'>lineola</span> <span class='ocrx_word' id='word_1_33' title='bbox 974 950 1056 1003; x_wconf 90' lang='lat' dir='ltr'>rubra</span> <span class='ocrx_word' id='word_1_34' title='bbox 1069 950 1163 1003; x_wconf 88' lang='lat' dir='ltr'>subter</span> <span class='ocrx_word' id='word_1_35' title='bbox 1172 949 1254 1002; x_wconf 87' lang='lat' dir='ltr'>ducta</span> <span class='ocrx_word' id='word_1_36' title='bbox 1267 949 1362 1002; x_wconf 85' lang='lat' dir='ltr'>notati.</span> 
     </span>
     <span class='ocr_line' id='line_1_5' title="bbox 99 1050 1363 1118; baseline -0.002 -14"><span class='ocrx_word' id='word_1_37' title='bbox 99 1052 240 1105; x_wconf 81' lang='lat' dir='ltr'>Litterae</span> <span class='ocrx_word' id='word_1_38' title='bbox 254 1052 375 1106; x_wconf 78' lang='lat' dir='ltr'>initiales</span> <span class='ocrx_word' id='word_1_39' title='bbox 387 1054 475 1106; x_wconf 84' lang='lat' dir='ltr'>rubrae</span> <span class='ocrx_word' id='word_1_40' title='bbox 492 1053 535 1106; x_wconf 85' lang='lat' dir='ltr'>vel</span> <span class='ocrx_word' id='word_1_41' title='bbox 553 1052 682 1110; x_wconf 70' lang='lat' dir='ltr'>caerulea.</span> <span class='ocrx_word' id='word_1_42' title='bbox 701 1052 781 1105; x_wconf 90' lang='lat' dir='ltr'>nullis</span> <span class='ocrx_word' id='word_1_43' title='bbox 802 1052 980 1114; x_wconf 90' lang='lat' dir='ltr'>ornamentis,</span> <span class='ocrx_word' id='word_1_44' title='bbox 998 1056 1095 1118; x_wconf 72' lang='lat' dir='ltr'>praeter</span> <span class='ocrx_word' id='word_1_45' title='bbox 1107 1066 1191 1103; x_wconf 90' lang='lat' dir='ltr'>unam</span> <span class='ocrx_word' id='word_1_46' title='bbox 1210 1057 1237 1103; x_wconf 90' lang='lat' dir='ltr'>et</span> <span class='ocrx_word' id='word_1_47' title='bbox 1249 1050 1363 1103; x_wconf 87' lang='lat' dir='ltr'>alteram</span> 
     </span>
     <span class='ocr_line' id='line_1_6' title="bbox 101 1149 1362 1219; baseline -0.002 -16"><span class='ocrx_word' id='word_1_48' title='bbox 101 1151 240 1205; x_wconf 87' lang='lat' dir='ltr'>stellula</span> <span class='ocrx_word' id='word_1_49' title='bbox 251 1152 350 1205; x_wconf 87' lang='lat' dir='ltr'>foliata</span> <span class='ocrx_word' id='word_1_50' title='bbox 359 1153 422 1205; x_wconf 88' lang='lat' dir='ltr'>alba</span> <span class='ocrx_word' id='word_1_51' title='bbox 434 1153 460 1205; x_wconf 91' lang='lat' dir='ltr'>in</span> <span class='ocrx_word' id='word_1_52' title='bbox 470 1151 596 1205; x_wconf 82' lang='lat' dir='ltr'>crassiori</span> <span class='ocrx_word' id='word_1_53' title='bbox 605 1152 701 1204; x_wconf 70' lang='lat' dir='ltr'>litterae</span> <span class='ocrx_word' id='word_1_54' title='bbox 713 1156 788 1218; x_wconf 87' lang='lat' dir='ltr'>parte</span> <span class='ocrx_word' id='word_1_55' title='bbox 798 1151 954 1219; x_wconf 70' lang='lat' dir='ltr'>insignitam</span> <span class='ocrx_word' id='word_1_56' title='bbox 965 1156 992 1203; x_wconf 90' lang='lat' dir='ltr'>et</span> <span class='ocrx_word' id='word_1_57' title='bbox 1002 1150 1121 1204; x_wconf 88' lang='lat' dir='ltr'>litteram</span> <span class='ocrx_word' id='word_1_58' title='bbox 1133 1149 1266 1203; x_wconf 86' lang='lat' dir='ltr'>initialem</span> <span class='ocrx_word' id='word_1_59' title='bbox 1279 1150 1325 1202; x_wconf 91' lang='lat' dir='ltr'>fot.</span> <span class='ocrx_word' id='word_1_60' title='bbox 1338 1152 1362 1201; x_wconf 78' lang='lat' dir='ltr'>t‘</span> 
     </span>
     <span class='ocr_line' id='line_1_7' title="bbox 106 1249 1365 1319; baseline -0.003 -15"><span class='ocrx_word' id='word_1_61' title='bbox 106 1252 272 1319; x_wconf 79' lang='lat' dir='ltr'>margines</span> <span class='ocrx_word' id='word_1_62' title='bbox 293 1251 449 1305; x_wconf 88' lang='lat' dir='ltr'>interiorem</span> <span class='ocrx_word' id='word_1_63' title='bbox 468 1255 494 1304; x_wconf 90' lang='lat' dir='ltr'>et</span> <span class='ocrx_word' id='word_1_64' title='bbox 511 1251 679 1318; x_wconf 87' lang='lat' dir='ltr'>superiorem</span> <span class='ocrx_word' id='word_1_65' title='bbox 699 1267 729 1302; x_wconf 86' lang='lat' dir='ltr'>ar</span> <span class='ocrx_word' id='word_1_66' title='bbox 748 1250 904 1303; x_wconf 88' lang='lat' dir='ltr'>inferiorern</span> <span class='ocrx_word' id='word_1_67' title='bbox 923 1250 1150 1318; x_wconf 84' lang='lat' dir='ltr'>complectentem</span> <span class='ocrx_word' id='word_1_68' title='bbox 1169 1249 1365 1317; x_wconf 81' lang='lat' dir='ltr'>appendicibus</span> 
     </span>
     <span class='ocr_line' id='line_1_8' title="bbox 109 1346 1366 1418; baseline -0.004 -15"><span class='ocrx_word' id='word_1_69' title='bbox 109 1366 252 1403; x_wconf 89' lang='lat' dir='ltr'>ramosrs</span> <span class='ocrx_word' id='word_1_70' title='bbox 265 1355 293 1402; x_wconf 87' lang='lat' dir='ltr'>et</span> <span class='ocrx_word' id='word_1_71' title='bbox 311 1349 451 1418; x_wconf 90' lang='lat' dir='ltr'>multiplici</span> <span class='ocrx_word' id='word_1_72' title='bbox 463 1349 569 1402; x_wconf 90' lang='lat' dir='ltr'>hirsuto</span> <span class='ocrx_word' id='word_1_73' title='bbox 582 1348 648 1401; x_wconf 88' lang='lat' dir='ltr'>folio</span> <span class='ocrx_word' id='word_1_74' title='bbox 666 1348 786 1404; x_wconf 85' lang='lat' dir='ltr'>munitis.</span> <span class='ocrx_word' id='word_1_75' title='bbox 804 1364 866 1414; x_wconf 80' lang='lat' dir='ltr'>quae</span> <span class='ocrx_word' id='word_1_76' title='bbox 885 1347 978 1399; x_wconf 85' lang='lat' dir='ltr'>omnia</span> <span class='ocrx_word' id='word_1_77' title='bbox 997 1347 1078 1399; x_wconf 89' lang='lat' dir='ltr'>variis</span> <span class='ocrx_word' id='word_1_78' title='bbox 1090 1347 1229 1400; x_wconf 83' lang='lat' dir='ltr'>coloribus</span> <span class='ocrx_word' id='word_1_79' title='bbox 1242 1352 1270 1399; x_wconf 92' lang='lat' dir='ltr'>et</span> <span class='ocrx_word' id='word_1_80' title='bbox 1282 1346 1366 1398; x_wconf 86' lang='lat' dir='ltr'>etiarn</span> 
     </span>
     <span class='ocr_line' id='line_1_9' title="bbox 110 1447 1004 1515; baseline -0.001 -15"><span class='ocrx_word' id='word_1_81' title='bbox 110 1464 196 1501; x_wconf 85' lang='lat' dir='ltr'>auro</span> <span class='ocrx_word' id='word_1_82' title='bbox 210 1448 370 1510; x_wconf 84' lang='lat' dir='ltr'>ambitiose,</span> <span class='ocrx_word' id='word_1_83' title='bbox 383 1448 498 1500; x_wconf 88' lang='lat' dir='ltr'>sednon</span> <span class='ocrx_word' id='word_1_84' title='bbox 515 1448 584 1501; x_wconf 87' lang='lat' dir='ltr'>adeo</span> <span class='ocrx_word' id='word_1_85' title='bbox 600 1447 687 1515; x_wconf 86' lang='lat' dir='ltr'>perita</span> <span class='ocrx_word' id='word_1_86' title='bbox 698 1463 782 1500; x_wconf 87' lang='lat' dir='ltr'>manu</span> <span class='ocrx_word' id='word_1_87' title='bbox 796 1447 923 1499; x_wconf 88' lang='lat' dir='ltr'>distincta</span> <span class='ocrx_word' id='word_1_88' title='bbox 934 1451 1004 1499; x_wconf 90' lang='lat' dir='ltr'>sunt.</span> 
     </span>
    </p>

    <p class='ocr_par' dir='ltr' id='par_1_4' title="bbox 155 1546 1368 1614">
     <span class='ocr_line' id='line_1_10' title="bbox 155 1546 1368 1614; baseline -0.003 -14"><span class='ocrx_word' id='word_1_89' title='bbox 155 1547 223 1600; x_wconf 79' lang='lat' dir='ltr'>Pol.</span> <span class='ocrx_word' id='word_1_90' title='bbox 238 1549 262 1600; x_wconf 74' lang='lat'>1¹</span> <span class='ocrx_word' id='word_1_91' title='bbox 274 1547 302 1600; x_wconf 91' lang='lat' dir='ltr'>in</span> <span class='ocrx_word' id='word_1_92' title='bbox 312 1547 432 1600; x_wconf 87' lang='lat' dir='ltr'>inferiori</span> <span class='ocrx_word' id='word_1_93' title='bbox 441 1546 563 1614; x_wconf 77' lang='lat' dir='ltr'>margine</span> <span class='ocrx_word' id='word_1_94' title='bbox 572 1546 706 1614; x_wconf 87' lang='lat' dir='ltr'>adscripta</span> <span class='ocrx_word' id='word_1_95' title='bbox 715 1551 757 1598; x_wconf 89' lang='lat' dir='ltr'>est</span> <span class='ocrx_word' id='word_1_96' title='bbox 768 1547 826 1598; x_wconf 76' lang='lat' dir='ltr'>haec</span> <span class='ocrx_word' id='word_1_97' title='bbox 835 1551 900 1598; x_wconf 87' lang='lat' dir='ltr'>nota</span> <span class='ocrx_word' id='word_1_98' title='bbox 910 1548 1004 1598; x_wconf 74' lang='lat' dir='ltr'>:Liber</span> <span class='ocrx_word' id='word_1_99' title='bbox 1016 1549 1175 1599; x_wconf 72' lang='lat' dir='ltr'>ittontlslet&#39;it&#39;</span> <span class='ocrx_word' id='word_1_100' title='bbox 1186 1547 1265 1597; x_wconf 78' lang='lat' dir='ltr'>Beate</span> <span class='ocrx_word' id='word_1_101' title='bbox 1279 1547 1368 1597; x_wconf 80' lang='lat' dir='ltr'>lfuric</span> 
     </span>
    </p>
   </div>
   <div class='ocr_carea' id='block_1_4' title="bbox 121 1616 1367 1714">
    <p class='ocr_par' dir='ltr' id='par_1_5' title="bbox 121 1616 1367 1714">
     <span class='ocr_line' id='line_1_11' title="bbox 121 1616 1367 1714; baseline -0.001 -18"><span class='ocrx_word' id='word_1_102' title='bbox 121 1649 329 1699; x_wconf 73' lang='lat' dir='ltr'>t&#39;e&#39;ridiscollis</span> <span class='ocrx_word' id='word_1_103' title='bbox 342 1650 368 1700; x_wconf 82' lang='lat' dir='ltr'>in</span> <span class='ocrx_word' id='word_1_104' title='bbox 378 1647 467 1698; x_wconf 73' lang='lat' dir='ltr'>Zoitia</span> <span class='ocrx_word' id='word_1_105' title='bbox 476 1665 486 1707; x_wconf 88' lang='lat'>,·</span> <span class='ocrx_word' id='word_1_106' title='bbox 496 1662 557 1714; x_wconf 62' lang='lat' dir='ltr'>qua*</span> <span class='ocrx_word' id='word_1_107' title='bbox 571 1645 684 1711; x_wconf 88' lang='lat' dir='ltr'>repetita</span> <span class='ocrx_word' id='word_1_108' title='bbox 697 1616 794 1698; x_wconf 79' lang='lat' dir='ltr'>estl&#39;ol.</span> <span class='ocrx_word' id='word_1_109' title='bbox 813 1646 877 1699; x_wconf 58' lang='lat' dir='ltr'>rsus.</span> <span class='ocrx_word' id='word_1_110' title='bbox 890 1645 1002 1711; x_wconf 89' lang='lat' dir='ltr'>adjectis</span> <span class='ocrx_word' id='word_1_111' title='bbox 1015 1645 1105 1697; x_wconf 87' lang='lat' dir='ltr'>verbis</span> <span class='ocrx_word' id='word_1_112' title='bbox 1120 1647 1234 1698; x_wconf 72' lang='lat' dir='ltr'>Ordinis</span> <span class='ocrx_word' id='word_1_113' title='bbox 1250 1646 1367 1696; x_wconf 66' lang='lat' dir='ltr'>Gaurani-</span> 
     </span>
    </p>
   </div>
   <div class='ocr_carea' id='block_1_5' title="bbox 115 1747 1140 1911">
    <p class='ocr_par' dir='ltr' id='par_1_6' title="bbox 115 1747 1140 1911">
     <span class='ocr_line' id='line_1_12' title="bbox 115 1747 423 1810; baseline -0.006 -11"><span class='ocrx_word' id='word_1_114' title='bbox 115 1765 229 1799; x_wconf 77' lang='lat' dir='ltr'>corum</span> <span class='ocrx_word' id='word_1_115' title='bbox 246 1747 423 1810; x_wconf 71' lang='lat' dir='ltr'>regularium.</span> 
     </span>
     <span class='ocr_line' id='line_1_13' title="bbox 162 1842 1140 1911; baseline -0.002 -14"><span class='ocrx_word' id='word_1_116' title='bbox 162 1845 262 1897; x_wconf 91' lang='lat' dir='ltr'>Unum</span> <span class='ocrx_word' id='word_1_117' title='bbox 272 1844 389 1896; x_wconf 88' lang='lat' dir='ltr'>habetur</span> <span class='ocrx_word' id='word_1_118' title='bbox 398 1843 425 1895; x_wconf 91' lang='lat' dir='ltr'>in</span> <span class='ocrx_word' id='word_1_119' title='bbox 438 1842 531 1896; x_wconf 90' lang='lat' dir='ltr'>codice</span> <span class='ocrx_word' id='word_1_120' title='bbox 541 1842 736 1895; x_wconf 80' lang='lat' dir='ltr'>documentum</span> <span class='ocrx_word' id='word_1_121' title='bbox 751 1843 1001 1911; x_wconf 81' lang='lat' dir='ltr'>hagiographicum.</span> <span class='ocrx_word' id='word_1_122' title='bbox 1013 1843 1140 1896; x_wconf 88' lang='lat' dir='ltr'>videlicet</span> 
     </span>
    </p>
   </div>
   <div class='ocr_carea' id='block_1_6' title="bbox 236 2007 1368 2214">
    <p class='ocr_par' dir='ltr' id='par_1_7' title="bbox 236 2007 1368 2214">
     <span class='ocr_line' id='line_1_14' title="bbox 236 2007 1368 2101; baseline 0.002 -22"><span class='ocrx_word' id='word_1_123' title='bbox 236 2008 401 2099; x_wconf 84' lang='lat' dir='ltr'>Epistola</span> <span class='ocrx_word' id='word_1_124' title='bbox 423 2009 520 2081; x_wconf 89' lang='lat' dir='ltr'>beati</span> <span class='ocrx_word' id='word_1_125' title='bbox 543 2007 709 2101; x_wconf 86' lang='lat' dir='ltr'>Dionysii</span> <span class='ocrx_word' id='word_1_126' title='bbox 725 2010 771 2080; x_wconf 88' lang='lat' dir='ltr'>ad</span> <span class='ocrx_word' id='word_1_127' title='bbox 788 2008 1027 2079; x_wconf 85' lang='lat' dir='ltr'>Timotheum</span> <span class='ocrx_word' id='word_1_128' title='bbox 1045 2009 1088 2080; x_wconf 90' lang='lat' dir='ltr'>de</span> <span class='ocrx_word' id='word_1_129' title='bbox 1105 2008 1265 2080; x_wconf 87' lang='lat' dir='ltr'>transitu</span> <span class='ocrx_word' id='word_1_130' title='bbox 1285 2010 1368 2081; x_wconf 89' lang='lat' dir='ltr'>bea-</span> 
     </span>
     <span class='ocr_line' id='line_1_15' title="bbox 287 2121 1368 2214; baseline 0.002 -20"><span class='ocrx_word' id='word_1_131' title='bbox 287 2130 411 2195; x_wconf 90' lang='lat' dir='ltr'>torum</span> <span class='ocrx_word' id='word_1_132' title='bbox 439 2125 693 2214; x_wconf 86' lang='lat' dir='ltr'>apostolorum</span> <span class='ocrx_word' id='word_1_133' title='bbox 722 2122 820 2195; x_wconf 88' lang='lat' dir='ltr'>Petri</span> <span class='ocrx_word' id='word_1_134' title='bbox 849 2128 885 2195; x_wconf 88' lang='lat' dir='ltr'>et</span> <span class='ocrx_word' id='word_1_135' title='bbox 913 2121 1020 2194; x_wconf 86' lang='lat' dir='ltr'>Pauli</span> <span class='ocrx_word' id='word_1_136' title='bbox 1047 2123 1126 2213; x_wconf 89' lang='lat' dir='ltr'>(fol.</span> <span class='ocrx_word' id='word_1_137' title='bbox 1158 2126 1368 2214; x_wconf 50' lang='lat' dir='ltr'>llSV-tltl&#39;).</span> 
     </span>
    </p>
   </div>
   <div class='ocr_carea' id='block_1_7' title="bbox 125 2252 1369 2517">
    <p class='ocr_par' dir='ltr' id='par_1_8' title="bbox 125 2252 1369 2517">
     <span class='ocr_line' id='line_1_16' title="bbox 166 2252 1369 2322; baseline 0 -16"><span class='ocrx_word' id='word_1_138' title='bbox 166 2253 277 2307; x_wconf 88' lang='lat' dir='ltr'>lnedita</span> <span class='ocrx_word' id='word_1_139' title='bbox 289 2254 402 2317; x_wconf 84' lang='lat' dir='ltr'>ridetur,</span> <span class='ocrx_word' id='word_1_140' title='bbox 412 2259 439 2307; x_wconf 90' lang='lat' dir='ltr'>et</span> <span class='ocrx_word' id='word_1_141' title='bbox 451 2258 523 2307; x_wconf 89' lang='lat' dir='ltr'>certe</span> <span class='ocrx_word' id='word_1_142' title='bbox 537 2270 592 2306; x_wconf 91' lang='lat' dir='ltr'>non</span> <span class='ocrx_word' id='word_1_143' title='bbox 604 2254 737 2321; x_wconf 88' lang='lat' dir='ltr'>reperitur</span> <span class='ocrx_word' id='word_1_144' title='bbox 749 2252 819 2306; x_wconf 87' lang='lat' dir='ltr'>inter</span> <span class='ocrx_word' id='word_1_145' title='bbox 832 2270 914 2321; x_wconf 86' lang='lat' dir='ltr'>opera</span> <span class='ocrx_word' id='word_1_146' title='bbox 926 2255 976 2305; x_wconf 89' lang='lat' dir='ltr'>sub</span> <span class='ocrx_word' id='word_1_147' title='bbox 991 2254 1102 2306; x_wconf 81' lang='lat' dir='ltr'>nonrine</span> <span class='ocrx_word' id='word_1_148' title='bbox 1114 2254 1234 2321; x_wconf 82' lang='lat' dir='ltr'>llionysii</span> <span class='ocrx_word' id='word_1_149' title='bbox 1248 2256 1369 2322; x_wconf 77' lang='lat' dir='ltr'>Areopa-</span> 
     </span>
     <span class='ocr_line' id='line_1_17' title="bbox 125 2352 1368 2420; baseline 0.001 -15"><span class='ocrx_word' id='word_1_150' title='bbox 125 2353 198 2420; x_wconf 80' lang='lat' dir='ltr'>gitae</span> <span class='ocrx_word' id='word_1_151' title='bbox 212 2352 331 2420; x_wconf 77' lang='lat' dir='ltr'>vulgata.</span> <span class='ocrx_word' id='word_1_152' title='bbox 343 2353 437 2420; x_wconf 90' lang='lat' dir='ltr'>ltaque</span> <span class='ocrx_word' id='word_1_153' title='bbox 450 2369 511 2405; x_wconf 90' lang='lat' dir='ltr'>eam</span> <span class='ocrx_word' id='word_1_154' title='bbox 524 2353 570 2405; x_wconf 88' lang='lat' dir='ltr'>hic</span> <span class='ocrx_word' id='word_1_155' title='bbox 582 2352 713 2405; x_wconf 87' lang='lat' dir='ltr'>exhibere</span> <span class='ocrx_word' id='word_1_156' title='bbox 737 2353 824 2405; x_wconf 84' lang='lat' dir='ltr'>risum</span> <span class='ocrx_word' id='word_1_157' title='bbox 846 2357 888 2405; x_wconf 87' lang='lat' dir='ltr'>est</span> <span class='ocrx_word' id='word_1_158' title='bbox 906 2369 966 2404; x_wconf 89' lang='lat' dir='ltr'>cnm</span> <span class='ocrx_word' id='word_1_159' title='bbox 988 2352 1094 2419; x_wconf 83' lang='lat' dir='ltr'>aliquot</span> <span class='ocrx_word' id='word_1_160' title='bbox 1112 2353 1280 2405; x_wconf 85' lang='lat' dir='ltr'>variantibus</span> <span class='ocrx_word' id='word_1_161' title='bbox 1298 2354 1368 2406; x_wconf 78' lang='lat' dir='ltr'>lectt.</span> 
     </span>
     <span class='ocr_line' id='line_1_18' title="bbox 127 2450 674 2517; baseline 0.002 -14"><span class='ocrx_word' id='word_1_162' title='bbox 127 2450 240 2504; x_wconf 88' lang='lat' dir='ltr'>codicis</span> <span class='ocrx_word' id='word_1_163' title='bbox 252 2451 363 2504; x_wconf 69' lang='lat' dir='ltr'>aerars</span> <span class='ocrx_word' id='word_1_164' title='bbox 375 2451 496 2517; x_wconf 85' lang='lat' dir='ltr'>ejusdem</span> <span class='ocrx_word' id='word_1_165' title='bbox 510 2451 579 2504; x_wconf 92' lang='lat' dir='ltr'>Bibl.</span> <span class='ocrx_word' id='word_1_166' title='bbox 593 2451 674 2504; x_wconf 84' lang='lat' dir='ltr'>Brux.</span> 
     </span>
    </p>
   </div>
   <div class='ocr_carea' id='block_1_8' title="bbox 83 2613 1570 4657">
    <p class='ocr_par' dir='ltr' id='par_1_9' title="bbox 83 2613 1570 4657">
     <span class='ocr_line' id='line_1_19' title="bbox 168 2613 1371 2683; baseline 0 -15"><span class='ocrx_word' id='word_1_167' title='bbox 168 2615 268 2669; x_wconf 82' lang='lat' dir='ltr'>Saluto</span> <span class='ocrx_word' id='word_1_168' title='bbox 281 2620 315 2671; x_wconf 88' lang='lat' dir='ltr'>te.</span> <span class='ocrx_word' id='word_1_169' title='bbox 325 2614 477 2672; x_wconf 86' lang='lat' dir='ltr'>Timothee.</span> <span class='ocrx_word' id='word_1_170' title='bbox 487 2614 618 2683; x_wconf 88' lang='lat' dir='ltr'>discipule</span> <span class='ocrx_word' id='word_1_171' title='bbox 630 2615 703 2667; x_wconf 88' lang='lat' dir='ltr'>beati</span> <span class='ocrx_word' id='word_1_172' title='bbox 714 2614 798 2676; x_wconf 80' lang='lat' dir='ltr'>Pauli,</span> <span class='ocrx_word' id='word_1_173' title='bbox 808 2613 955 2681; x_wconf 85' lang='lat' dir='ltr'>spiritualis</span> <span class='ocrx_word' id='word_1_174' title='bbox 974 2618 1000 2666; x_wconf 89' lang='lat' dir='ltr'>et</span> <span class='ocrx_word' id='word_1_175' title='bbox 1018 2614 1074 2666; x_wconf 91' lang='lat' dir='ltr'>veri</span> <span class='ocrx_word' id='word_1_176' title='bbox 1084 2614 1169 2682; x_wconf 89' lang='lat' dir='ltr'>patris</span> <span class='ocrx_word' id='word_1_177' title='bbox 1182 2620 1209 2667; x_wconf 89' lang='lat' dir='ltr'>et</span> <span class='ocrx_word' id='word_1_178' title='bbox 1222 2615 1287 2668; x_wconf 87' lang='lat' dir='ltr'>boni</span> <span class='ocrx_word' id='word_1_179' title='bbox 1297 2633 1371 2668; x_wconf 84' lang='lat' dir='ltr'>ania-</span> 
     </span>
     <span class='ocr_line' id='line_1_20' title="bbox 131 2712 1371 2783; baseline 0 -15"><span class='ocrx_word' id='word_1_180' title='bbox 131 2715 214 2777; x_wconf 85' lang='lat' dir='ltr'>toris,</span> <span class='ocrx_word' id='word_1_181' title='bbox 223 2714 270 2783; x_wconf 82' lang='lat' dir='ltr'>qui</span> <span class='ocrx_word' id='word_1_182' title='bbox 283 2712 479 2766; x_wconf 87' lang='lat' dir='ltr'>consummasti</span> <span class='ocrx_word' id='word_1_183' title='bbox 492 2714 661 2766; x_wconf 87' lang='lat' dir='ltr'>voluntatem</span> <span class='ocrx_word' id='word_1_184' title='bbox 674 2713 796 2780; x_wconf 80' lang='lat' dir='ltr'>magistri</span> <span class='ocrx_word' id='word_1_185' title='bbox 809 2712 849 2765; x_wconf 85' lang='lat' dir='ltr'>tui</span> <span class='ocrx_word' id='word_1_186' title='bbox 862 2718 889 2765; x_wconf 86' lang='lat' dir='ltr'>et</span> <span class='ocrx_word' id='word_1_187' title='bbox 901 2712 1053 2765; x_wconf 86' lang='lat' dir='ltr'>sustinuisti</span> <span class='ocrx_word' id='word_1_188' title='bbox 1064 2730 1126 2766; x_wconf 90' lang='lat' dir='ltr'>curn</span> <span class='ocrx_word' id='word_1_189' title='bbox 1138 2731 1170 2766; x_wconf 91' lang='lat' dir='ltr'>eo</span> <span class='ocrx_word' id='word_1_190' title='bbox 1181 2714 1371 2768; x_wconf 82' lang='lat' dir='ltr'>tribulationes</span> 
     </span>
     <span class='ocr_line' id='line_1_21' title="bbox 132 2813 1371 2882; baseline 0.001 -15"><span class='ocrx_word' id='word_1_191' title='bbox 132 2819 164 2868; x_wconf 91' lang='lat' dir='ltr'>et</span> <span class='ocrx_word' id='word_1_192' title='bbox 185 2829 285 2866; x_wconf 88' lang='lat' dir='ltr'>omnes</span> <span class='ocrx_word' id='word_1_193' title='bbox 305 2813 455 2880; x_wconf 81' lang='lat' dir='ltr'>passiones,</span> <span class='ocrx_word' id='word_1_194' title='bbox 476 2818 504 2866; x_wconf 90' lang='lat' dir='ltr'>et</span> <span class='ocrx_word' id='word_1_195' title='bbox 523 2829 667 2881; x_wconf 87' lang='lat' dir='ltr'>perpessus</span> <span class='ocrx_word' id='word_1_196' title='bbox 687 2829 716 2864; x_wconf 88' lang='lat' dir='ltr'>es</span> <span class='ocrx_word' id='word_1_197' title='bbox 729 2828 825 2864; x_wconf 89' lang='lat' dir='ltr'>omnes</span> <span class='ocrx_word' id='word_1_198' title='bbox 846 2827 947 2880; x_wconf 86' lang='lat' dir='ltr'>agones</span> <span class='ocrx_word' id='word_1_199' title='bbox 969 2816 997 2864; x_wconf 91' lang='lat' dir='ltr'>et</span> <span class='ocrx_word' id='word_1_200' title='bbox 1010 2813 1124 2880; x_wconf 88' lang='lat' dir='ltr'>flagella.</span> <span class='ocrx_word' id='word_1_201' title='bbox 1137 2813 1275 2882; x_wconf 83' lang='lat' dir='ltr'>Recepisti</span> <span class='ocrx_word' id='word_1_202' title='bbox 1287 2815 1371 2868; x_wconf 89' lang='lat' dir='ltr'>etiam</span> 
     </span>
     <span class='ocr_line' id='line_1_22' title="bbox 132 2911 1370 2981; baseline 0.002 -15"><span class='ocrx_word' id='word_1_203' title='bbox 132 2915 242 2967; x_wconf 86' lang='lat' dir='ltr'>famem</span> <span class='ocrx_word' id='word_1_204' title='bbox 255 2913 373 2975; x_wconf 87' lang='lat' dir='ltr'>etsitim,</span> <span class='ocrx_word' id='word_1_205' title='bbox 381 2917 408 2965; x_wconf 91' lang='lat' dir='ltr'>et</span> <span class='ocrx_word' id='word_1_206' title='bbox 419 2911 561 2981; x_wconf 83' lang='lat' dir='ltr'>suscepisti</span> <span class='ocrx_word' id='word_1_207' title='bbox 570 2912 664 2965; x_wconf 90' lang='lat' dir='ltr'>omnia</span> <span class='ocrx_word' id='word_1_208' title='bbox 677 2911 822 2979; x_wconf 90' lang='lat' dir='ltr'>opprobria</span> <span class='ocrx_word' id='word_1_209' title='bbox 834 2916 861 2964; x_wconf 87' lang='lat' dir='ltr'>et</span> <span class='ocrx_word' id='word_1_210' title='bbox 873 2916 1048 2979; x_wconf 77' lang='lat' dir='ltr'>contemptus</span> <span class='ocrx_word' id='word_1_211' title='bbox 1060 2918 1088 2965; x_wconf 90' lang='lat' dir='ltr'>et</span> <span class='ocrx_word' id='word_1_212' title='bbox 1101 2913 1247 2978; x_wconf 72' lang='lat' dir='ltr'>mucimus,</span> <span class='ocrx_word' id='word_1_213' title='bbox 1257 2915 1370 2968; x_wconf 89' lang='lat' dir='ltr'>interro-</span> 
     </span>
     <span class='ocr_line' id='line_1_23' title="bbox 95 3010 1370 3083; baseline -0.001 -15"><span class='ocrx_word' id='word_1_214' title='bbox 95 3021 114 3069; x_wconf 76' lang='lat'><strong>5</strong></span> <span class='ocrx_word' id='word_1_215' title='bbox 133 3018 219 3083; x_wconf 85' lang='lat' dir='ltr'>gatus</span> <span class='ocrx_word' id='word_1_216' title='bbox 230 3016 258 3065; x_wconf 90' lang='lat' dir='ltr'>et</span> <span class='ocrx_word' id='word_1_217' title='bbox 276 3012 467 3065; x_wconf 86' lang='lat' dir='ltr'>reuurndatus.</span> <span class='ocrx_word' id='word_1_218' title='bbox 480 3012 548 3064; x_wconf 89' lang='lat' dir='ltr'>Cum</span> <span class='ocrx_word' id='word_1_219' title='bbox 562 3028 595 3064; x_wconf 88' lang='lat' dir='ltr'>eo</span> <span class='ocrx_word' id='word_1_220' title='bbox 607 3010 682 3065; x_wconf 90' lang='lat' dir='ltr'>fuisti</span> <span class='ocrx_word' id='word_1_221' title='bbox 696 3010 723 3062; x_wconf 94' lang='lat' dir='ltr'>in</span> <span class='ocrx_word' id='word_1_222' title='bbox 736 3010 876 3064; x_wconf 87' lang='lat' dir='ltr'>laboribus</span> <span class='ocrx_word' id='word_1_223' title='bbox 890 3010 965 3063; x_wconf 89' lang='lat' dir='ltr'>omni</span> <span class='ocrx_word' id='word_1_224' title='bbox 984 3017 1109 3079; x_wconf 88' lang='lat' dir='ltr'>tempore</span> <span class='ocrx_word' id='word_1_225' title='bbox 1127 3019 1154 3065; x_wconf 88' lang='lat' dir='ltr'>et</span> <span class='ocrx_word' id='word_1_226' title='bbox 1167 3013 1370 3068; x_wconf 77' lang='lat' dir='ltr'>afflictionibus.</span> 
     </span>
     <span class='ocr_line' id='line_1_24' title="bbox 135 3109 1373 3183; baseline 0.001 -18"><span class='ocrx_word' id='word_1_227' title='bbox 135 3110 308 3165; x_wconf 85' lang='lat' dir='ltr'>cumdolore</span> <span class='ocrx_word' id='word_1_228' title='bbox 319 3115 347 3164; x_wconf 84' lang='lat' dir='ltr'>et</span> <span class='ocrx_word' id='word_1_229' title='bbox 358 3110 549 3172; x_wconf 86' lang='lat' dir='ltr'>amaritudine,</span> <span class='ocrx_word' id='word_1_230' title='bbox 560 3110 587 3163; x_wconf 91' lang='lat' dir='ltr'>in</span> <span class='ocrx_word' id='word_1_231' title='bbox 596 3109 849 3178; x_wconf 83' lang='lat' dir='ltr'>perturbationibus</span> <span class='ocrx_word' id='word_1_232' title='bbox 861 3115 888 3162; x_wconf 90' lang='lat' dir='ltr'>et</span> <span class='ocrx_word' id='word_1_233' title='bbox 898 3111 1110 3174; x_wconf 89' lang='lat' dir='ltr'>tentationibus;</span> <span class='ocrx_word' id='word_1_234' title='bbox 1121 3117 1148 3165; x_wconf 88' lang='lat' dir='ltr'>et</span> <span class='ocrx_word' id='word_1_235' title='bbox 1160 3129 1224 3165; x_wconf 86' lang='lat' dir='ltr'>cum</span> <span class='ocrx_word' id='word_1_236' title='bbox 1234 3112 1373 3183; x_wconf 87' lang='lat' dir='ltr'>diligentia</span> 
     </span>
     <span class='ocr_line' id='line_1_25' title="bbox 137 3208 1373 3280; baseline -0.002 -16"><span class='ocrx_word' id='word_1_237' title='bbox 137 3210 278 3280; x_wconf 83' lang='lat' dir='ltr'>perfecisti</span> <span class='ocrx_word' id='word_1_238' title='bbox 291 3210 443 3278; x_wconf 73' lang='lat' dir='ltr'>iniunctum</span> <span class='ocrx_word' id='word_1_239' title='bbox 456 3209 647 3271; x_wconf 89' lang='lat' dir='ltr'>ministerium,</span> <span class='ocrx_word' id='word_1_240' title='bbox 660 3209 687 3261; x_wconf 94' lang='lat' dir='ltr'>in</span> <span class='ocrx_word' id='word_1_241' title='bbox 697 3208 878 3271; x_wconf 87' lang='lat' dir='ltr'>abstinentiis,</span> <span class='ocrx_word' id='word_1_242' title='bbox 889 3208 986 3277; x_wconf 79' lang='lat' dir='ltr'>vigiliis</span> <span class='ocrx_word' id='word_1_243' title='bbox 994 3214 1021 3262; x_wconf 92' lang='lat' dir='ltr'>et</span> <span class='ocrx_word' id='word_1_244' title='bbox 1030 3210 1236 3278; x_wconf 86' lang='lat' dir='ltr'>operationibus</span> <span class='ocrx_word' id='word_1_245' title='bbox 1247 3217 1273 3264; x_wconf 90' lang='lat' dir='ltr'>et</span> <span class='ocrx_word' id='word_1_246' title='bbox 1281 3211 1373 3280; x_wconf 84' lang='lat' dir='ltr'>gratiis</span> 
     </span>
     <span class='ocr_line' id='line_1_26' title="bbox 137 3308 1372 3378; baseline -0.002 -14"><span class='ocrx_word' id='word_1_247' title='bbox 137 3311 247 3378; x_wconf 84' lang='lat' dir='ltr'>magnis</span> <span class='ocrx_word' id='word_1_248' title='bbox 257 3314 286 3362; x_wconf 88' lang='lat' dir='ltr'>et</span> <span class='ocrx_word' id='word_1_249' title='bbox 297 3308 457 3362; x_wconf 87' lang='lat' dir='ltr'>fortitudine</span> <span class='ocrx_word' id='word_1_250' title='bbox 470 3314 497 3361; x_wconf 90' lang='lat' dir='ltr'>et</span> <span class='ocrx_word' id='word_1_251' title='bbox 509 3324 605 3376; x_wconf 86' lang='lat' dir='ltr'>agone.</span> <span class='ocrx_word' id='word_1_252' title='bbox 618 3309 649 3361; x_wconf 95' lang='lat' dir='ltr'>ln</span> <span class='ocrx_word' id='word_1_253' title='bbox 659 3308 923 3377; x_wconf 87' lang='lat' dir='ltr'>peregrinationibus</span> <span class='ocrx_word' id='word_1_254' title='bbox 935 3327 998 3362; x_wconf 88' lang='lat' dir='ltr'>cum</span> <span class='ocrx_word' id='word_1_255' title='bbox 1009 3326 1042 3362; x_wconf 90' lang='lat' dir='ltr'>eo</span> <span class='ocrx_word' id='word_1_256' title='bbox 1056 3315 1231 3378; x_wconf 88' lang='lat' dir='ltr'>contemptus</span> <span class='ocrx_word' id='word_1_257' title='bbox 1242 3317 1269 3363; x_wconf 87' lang='lat' dir='ltr'>et</span> <span class='ocrx_word' id='word_1_258' title='bbox 1280 3311 1372 3378; x_wconf 84' lang='lat' dir='ltr'>flagel-</span> 
     </span>
     <span class='ocr_line' id='line_1_27' title="bbox 138 3405 1539 3477; baseline 0.004 -18"><span class='ocrx_word' id='word_1_259' title='bbox 138 3407 220 3468; x_wconf 84' lang='lat' dir='ltr'>latus,</span> <span class='ocrx_word' id='word_1_260' title='bbox 230 3405 295 3459; x_wconf 90' lang='lat' dir='ltr'>odio</span> <span class='ocrx_word' id='word_1_261' title='bbox 304 3405 414 3458; x_wconf 87' lang='lat' dir='ltr'>babitus</span> <span class='ocrx_word' id='word_1_262' title='bbox 423 3411 450 3458; x_wconf 91' lang='lat' dir='ltr'>et</span> <span class='ocrx_word' id='word_1_263' title='bbox 459 3406 582 3473; x_wconf 88' lang='lat' dir='ltr'>abjectus</span> <span class='ocrx_word' id='word_1_264' title='bbox 594 3405 628 3458; x_wconf 90' lang='lat' dir='ltr'>de</span> <span class='ocrx_word' id='word_1_265' title='bbox 638 3405 755 3458; x_wconf 90' lang='lat' dir='ltr'>inimicis</span> <span class='ocrx_word' id='word_1_266' title='bbox 763 3410 791 3458; x_wconf 88' lang='lat' dir='ltr'>et</span> <span class='ocrx_word' id='word_1_267' title='bbox 799 3405 964 3460; x_wconf 87' lang='lat' dir='ltr'>odientibus.</span> <span class='ocrx_word' id='word_1_268' title='bbox 974 3407 1120 3475; x_wconf 84' lang='lat' dir='ltr'>Nunquam</span> <span class='ocrx_word' id='word_1_269' title='bbox 1134 3408 1169 3460; x_wconf 90' lang='lat' dir='ltr'>ab</span> <span class='ocrx_word' id='word_1_270' title='bbox 1181 3408 1263 3462; x_wconf 86' lang='lat' dir='ltr'>obvia</span> <span class='ocrx_word' id='word_1_271' title='bbox 1271 3410 1284 3437; x_wconf 82' lang='grc'>*</span> <span class='ocrx_word' id='word_1_272' title='bbox 1298 3410 1374 3477; x_wconf 87' lang='lat' dir='ltr'>piger</span> <span class='ocrx_word' id='word_1_273' title='bbox 1456 3409 1539 3464; x_wconf 69' lang='lat' dir='ltr'>*aar</span> 
     </span>
     <span class='ocr_line' id='line_1_28' title="bbox 83 3475 1570 3595; baseline 0 -35"><span class='ocrx_word' id='word_1_274' title='bbox 83 3515 118 3563; x_wconf 82' lang='lat' dir='ltr'>to</span> <span class='ocrx_word' id='word_1_275' title='bbox 137 3505 216 3559; x_wconf 79' lang='lat' dir='ltr'>fuisti</span> <span class='ocrx_word' id='word_1_276' title='bbox 230 3520 281 3558; x_wconf 85' lang='lat' dir='ltr'>nec</span> <span class='ocrx_word' id='word_1_277' title='bbox 292 3505 327 3558; x_wconf 90' lang='lat' dir='ltr'>ad</span> <span class='ocrx_word' id='word_1_278' title='bbox 343 3505 506 3573; x_wconf 87' lang='lat' dir='ltr'>obsequium</span> <span class='ocrx_word' id='word_1_279' title='bbox 523 3504 671 3573; x_wconf 88' lang='lat' dir='ltr'>spiritualis</span> <span class='ocrx_word' id='word_1_280' title='bbox 688 3505 810 3573; x_wconf 81' lang='lat' dir='ltr'>magistri</span> <span class='ocrx_word' id='word_1_281' title='bbox 823 3507 870 3559; x_wconf 87' lang='lat' dir='ltr'>tui.</span> <span class='ocrx_word' id='word_1_282' title='bbox 883 3506 999 3559; x_wconf 85' lang='lat' dir='ltr'>Tractus</span> <span class='ocrx_word' id='word_1_283' title='bbox 1011 3523 1060 3574; x_wconf 90' lang='lat' dir='ltr'>per</span> <span class='ocrx_word' id='word_1_284' title='bbox 1074 3507 1148 3560; x_wconf 89' lang='lat' dir='ltr'>vicos</span> <span class='ocrx_word' id='word_1_285' title='bbox 1160 3511 1188 3559; x_wconf 92' lang='lat' dir='ltr'>et</span> <span class='ocrx_word' id='word_1_286' title='bbox 1199 3507 1373 3571; x_wconf 86' lang='lat' dir='ltr'>dilaceratus,</span> <span class='ocrx_word' id='word_1_287' title='bbox 1407 3475 1570 3595; x_wconf 46' lang='grc' dir='ltr'>θθξὴῗέῗὶ</span> 
     </span>
     <span class='ocr_line' id='line_1_29' title="bbox 138 3603 1549 3674; baseline 0.002 -17"><span class='ocrx_word' id='word_1_288' title='bbox 138 3604 297 3657; x_wconf 85' lang='lat' dir='ltr'>confractus</span> <span class='ocrx_word' id='word_1_289' title='bbox 306 3608 334 3658; x_wconf 88' lang='lat' dir='ltr'>et</span> <span class='ocrx_word' id='word_1_290' title='bbox 342 3603 509 3657; x_wconf 87' lang='lat' dir='ltr'>conviciatus</span> <span class='ocrx_word' id='word_1_291' title='bbox 518 3620 581 3656; x_wconf 87' lang='lat' dir='ltr'>curn</span> <span class='ocrx_word' id='word_1_292' title='bbox 593 3620 626 3657; x_wconf 91' lang='lat' dir='ltr'>eo</span> <span class='ocrx_word' id='word_1_293' title='bbox 636 3603 664 3656; x_wconf 92' lang='lat' dir='ltr'>in</span> <span class='ocrx_word' id='word_1_294' title='bbox 674 3604 749 3657; x_wconf 89' lang='lat' dir='ltr'>omni</span> <span class='ocrx_word' id='word_1_295' title='bbox 761 3604 831 3667; x_wconf 90' lang='lat' dir='ltr'>loco,</span> <span class='ocrx_word' id='word_1_296' title='bbox 841 3606 1014 3673; x_wconf 86' lang='lat' dir='ltr'>naufragium</span> <span class='ocrx_word' id='word_1_297' title='bbox 1028 3622 1124 3673; x_wconf 89' lang='lat' dir='ltr'>passus</span> <span class='ocrx_word' id='word_1_298' title='bbox 1141 3622 1203 3658; x_wconf 87' lang='lat' dir='ltr'>curn</span> <span class='ocrx_word' id='word_1_299' title='bbox 1222 3622 1264 3669; x_wconf 90' lang='lat' dir='ltr'>eo,</span> <span class='ocrx_word' id='word_1_300' title='bbox 1276 3622 1373 3674; x_wconf 86' lang='lat' dir='ltr'>passus</span> <span class='ocrx_word' id='word_1_301' title='bbox 1440 3608 1549 3661; x_wconf 76' lang='lat' dir='ltr'>dientia</span> 
     </span>
     <span class='ocr_line' id='line_1_30' title="bbox 139 3702 1372 3772; baseline 0.002 -16"><span class='ocrx_word' id='word_1_302' title='bbox 139 3703 168 3756; x_wconf 90' lang='lat' dir='ltr'>in</span> <span class='ocrx_word' id='word_1_303' title='bbox 177 3702 257 3765; x_wconf 88' lang='lat' dir='ltr'>mari,</span> <span class='ocrx_word' id='word_1_304' title='bbox 265 3703 443 3756; x_wconf 87' lang='lat' dir='ltr'>conturbatus</span> <span class='ocrx_word' id='word_1_305' title='bbox 455 3703 483 3756; x_wconf 92' lang='lat' dir='ltr'>in</span> <span class='ocrx_word' id='word_1_306' title='bbox 496 3703 622 3756; x_wconf 85' lang='lat' dir='ltr'>naribus.</span> <span class='ocrx_word' id='word_1_307' title='bbox 631 3702 790 3755; x_wconf 89' lang='lat' dir='ltr'>vulneratus</span> <span class='ocrx_word' id='word_1_308' title='bbox 800 3703 828 3756; x_wconf 91' lang='lat' dir='ltr'>in</span> <span class='ocrx_word' id='word_1_309' title='bbox 839 3703 1004 3765; x_wconf 74' lang='lat' dir='ltr'>civitatibus</span> <span class='ocrx_word' id='word_1_310' title='bbox 1014 3705 1043 3756; x_wconf 92' lang='lat' dir='ltr'>in</span> <span class='ocrx_word' id='word_1_311' title='bbox 1055 3704 1181 3772; x_wconf 88' lang='lat' dir='ltr'>angustia</span> <span class='ocrx_word' id='word_1_312' title='bbox 1192 3709 1220 3757; x_wconf 91' lang='lat' dir='ltr'>et</span> <span class='ocrx_word' id='word_1_313' title='bbox 1231 3709 1372 3758; x_wconf 89' lang='lat' dir='ltr'>contume-</span> 
     </span>
     <span class='ocr_line' id='line_1_31' title="bbox 139 3800 1373 3870; baseline 0 -14"><span class='ocrx_word' id='word_1_314' title='bbox 139 3803 184 3856; x_wconf 89' lang='lat' dir='ltr'>liis</span> <span class='ocrx_word' id='word_1_315' title='bbox 195 3808 223 3856; x_wconf 86' lang='lat' dir='ltr'>et</span> <span class='ocrx_word' id='word_1_316' title='bbox 235 3801 394 3870; x_wconf 85' lang='lat' dir='ltr'>opprobriis,</span> <span class='ocrx_word' id='word_1_317' title='bbox 407 3801 434 3855; x_wconf 93' lang='lat' dir='ltr'>in</span> <span class='ocrx_word' id='word_1_318' title='bbox 444 3800 599 3855; x_wconf 91' lang='lat' dir='ltr'>carceribus</span> <span class='ocrx_word' id='word_1_319' title='bbox 611 3802 655 3855; x_wconf 89' lang='lat' dir='ltr'>die</span> <span class='ocrx_word' id='word_1_320' title='bbox 668 3817 699 3853; x_wconf 91' lang='lat' dir='ltr'>ac</span> <span class='ocrx_word' id='word_1_321' title='bbox 712 3806 792 3853; x_wconf 88' lang='lat' dir='ltr'>nocte</span> <span class='ocrx_word' id='word_1_322' title='bbox 805 3817 867 3854; x_wconf 90' lang='lat' dir='ltr'>curn</span> <span class='ocrx_word' id='word_1_323' title='bbox 878 3818 920 3853; x_wconf 89' lang='lat' dir='ltr'>eo.</span> <span class='ocrx_word' id='word_1_324' title='bbox 931 3802 961 3855; x_wconf 92' lang='lat' dir='ltr'>ln</span> <span class='ocrx_word' id='word_1_325' title='bbox 973 3802 1089 3855; x_wconf 89' lang='lat' dir='ltr'>vinculis</span> <span class='ocrx_word' id='word_1_326' title='bbox 1098 3808 1125 3855; x_wconf 88' lang='lat' dir='ltr'>el</span> <span class='ocrx_word' id='word_1_327' title='bbox 1135 3803 1267 3865; x_wconf 70' lang='lat' dir='ltr'>vectibus</span> <span class='ocrx_word' id='word_1_328' title='bbox 1277 3804 1304 3856; x_wconf 94' lang='lat' dir='ltr'>in</span> <span class='ocrx_word' id='word_1_329' title='bbox 1315 3821 1373 3857; x_wconf 89' lang='lat' dir='ltr'>rna·</span> 
     </span>
     <span class='ocr_line' id='line_1_32' title="bbox 138 3900 1373 3969; baseline -0.001 -13"><span class='ocrx_word' id='word_1_330' title='bbox 138 3901 209 3956; x_wconf 87' lang='lat' dir='ltr'>uicis</span> <span class='ocrx_word' id='word_1_331' title='bbox 220 3901 322 3963; x_wconf 87' lang='lat' dir='ltr'>ferreis,</span> <span class='ocrx_word' id='word_1_332' title='bbox 335 3901 362 3954; x_wconf 91' lang='lat' dir='ltr'>in</span> <span class='ocrx_word' id='word_1_333' title='bbox 371 3900 594 3954; x_wconf 87' lang='lat' dir='ltr'>tribulationibus</span> <span class='ocrx_word' id='word_1_334' title='bbox 603 3901 749 3953; x_wconf 89' lang='lat' dir='ltr'>comitatus</span> <span class='ocrx_word' id='word_1_335' title='bbox 759 3917 822 3953; x_wconf 89' lang='lat' dir='ltr'>curn</span> <span class='ocrx_word' id='word_1_336' title='bbox 832 3917 874 3953; x_wconf 90' lang='lat' dir='ltr'>eo.</span> <span class='ocrx_word' id='word_1_337' title='bbox 888 3901 921 3953; x_wconf 86' lang='lat' dir='ltr'>Et</span> <span class='ocrx_word' id='word_1_338' title='bbox 934 3916 990 3953; x_wconf 91' lang='lat' dir='ltr'>non</span> <span class='ocrx_word' id='word_1_339' title='bbox 1003 3901 1094 3954; x_wconf 89' lang='lat' dir='ltr'>solum</span> <span class='ocrx_word' id='word_1_340' title='bbox 1107 3902 1175 3965; x_wconf 74' lang='lat' dir='ltr'>hac,</span> <span class='ocrx_word' id='word_1_341' title='bbox 1188 3903 1236 3955; x_wconf 89' lang='lat' dir='ltr'>sed</span> <span class='ocrx_word' id='word_1_342' title='bbox 1248 3904 1373 3969; x_wconf 85' lang='lat' dir='ltr'>graviora</span> 
     </span>
     <span class='ocr_line' id='line_1_33' title="bbox 87 3999 1373 4069; baseline 0.002 -16"><span class='ocrx_word' id='word_1_343' title='bbox 87 4008 120 4055; x_wconf 80' lang='lat' dir='ltr'>ts</span> <span class='ocrx_word' id='word_1_344' title='bbox 137 4006 166 4055; x_wconf 87' lang='lat' dir='ltr'>et</span> <span class='ocrx_word' id='word_1_345' title='bbox 180 3999 390 4055; x_wconf 88' lang='lat' dir='ltr'>innumerabilia</span> <span class='ocrx_word' id='word_1_346' title='bbox 400 4003 537 4053; x_wconf 86' lang='lat' dir='ltr'>tormenta</span> <span class='ocrx_word' id='word_1_347' title='bbox 549 4004 576 4052; x_wconf 88' lang='lat' dir='ltr'>et</span> <span class='ocrx_word' id='word_1_348' title='bbox 588 4015 689 4067; x_wconf 88' lang='lat' dir='ltr'>agones</span> <span class='ocrx_word' id='word_1_349' title='bbox 709 4015 853 4066; x_wconf 87' lang='lat' dir='ltr'>perpessus</span> <span class='ocrx_word' id='word_1_350' title='bbox 871 4014 900 4050; x_wconf 89' lang='lat' dir='ltr'>es</span> <span class='ocrx_word' id='word_1_351' title='bbox 918 4015 979 4051; x_wconf 91' lang='lat' dir='ltr'>curn</span> <span class='ocrx_word' id='word_1_352' title='bbox 993 4015 1035 4063; x_wconf 92' lang='lat' dir='ltr'>eo,</span> <span class='ocrx_word' id='word_1_353' title='bbox 1045 4001 1092 4068; x_wconf 90' lang='lat' dir='ltr'>qui</span> <span class='ocrx_word' id='word_1_354' title='bbox 1108 4001 1160 4053; x_wconf 91' lang='lat' dir='ltr'>fuit</span> <span class='ocrx_word' id='word_1_355' title='bbox 1170 4006 1248 4069; x_wconf 85' lang='lat' dir='ltr'>pater</span> <span class='ocrx_word' id='word_1_356' title='bbox 1256 4007 1373 4069; x_wconf 87' lang='lat' dir='ltr'>patrum,</span> 
     </span>
     <span class='ocr_line' id='line_1_34' title="bbox 137 4095 1374 4164; baseline 0 -12"><span class='ocrx_word' id='word_1_357' title='bbox 137 4100 238 4153; x_wconf 90' lang='lat' dir='ltr'>doctor</span> <span class='ocrx_word' id='word_1_358' title='bbox 248 4097 391 4150; x_wconf 88' lang='lat' dir='ltr'>doctorum</span> <span class='ocrx_word' id='word_1_359' title='bbox 402 4101 430 4149; x_wconf 89' lang='lat' dir='ltr'>et</span> <span class='ocrx_word' id='word_1_360' title='bbox 442 4099 534 4164; x_wconf 90' lang='lat' dir='ltr'>pastor</span> <span class='ocrx_word' id='word_1_361' title='bbox 546 4100 694 4164; x_wconf 87' lang='lat' dir='ltr'>pastorum,</span> <span class='ocrx_word' id='word_1_362' title='bbox 706 4095 752 4164; x_wconf 91' lang='lat' dir='ltr'>qui</span> <span class='ocrx_word' id='word_1_363' title='bbox 765 4095 910 4148; x_wconf 80' lang='lat' dir='ltr'>crucifixus</span> <span class='ocrx_word' id='word_1_364' title='bbox 923 4095 975 4148; x_wconf 89' lang='lat' dir='ltr'>fuit</span> <span class='ocrx_word' id='word_1_365' title='bbox 987 4098 1091 4150; x_wconf 90' lang='lat' dir='ltr'>mundo</span> <span class='ocrx_word' id='word_1_366' title='bbox 1113 4103 1141 4151; x_wconf 91' lang='lat' dir='ltr'>et</span> <span class='ocrx_word' id='word_1_367' title='bbox 1160 4099 1270 4152; x_wconf 83' lang='lat' dir='ltr'>Domini</span> <span class='ocrx_word' id='word_1_368' title='bbox 1287 4102 1374 4154; x_wconf 87' lang='lat' dir='ltr'>nostri</span> 
     </span>
     <span class='ocr_line' id='line_1_35' title="bbox 136 4191 1375 4263; baseline -0.002 -13"><span class='ocrx_word' id='word_1_369' title='bbox 136 4197 204 4250; x_wconf 70' lang='lat' dir='ltr'>«lesu</span> <span class='ocrx_word' id='word_1_370' title='bbox 216 4194 317 4249; x_wconf 85' lang='lat' dir='ltr'>Christi</span> <span class='ocrx_word' id='word_1_371' title='bbox 324 4195 451 4262; x_wconf 89' lang='lat' dir='ltr'>stigmata</span> <span class='ocrx_word' id='word_1_372' title='bbox 463 4193 615 4261; x_wconf 87' lang='lat' dir='ltr'>incorpore</span> <span class='ocrx_word' id='word_1_373' title='bbox 627 4193 754 4261; x_wconf 87' lang='lat' dir='ltr'>portavit.</span> <span class='ocrx_word' id='word_1_374' title='bbox 766 4191 904 4260; x_wconf 81' lang='lat' dir='ltr'>Abyssurn</span> <span class='ocrx_word' id='word_1_375' title='bbox 921 4193 1072 4260; x_wconf 73' lang='lat' dir='ltr'>sapientia,</span> <span class='ocrx_word' id='word_1_376' title='bbox 1090 4195 1268 4263; x_wconf 86' lang='lat' dir='ltr'>fistulamque</span> <span class='ocrx_word' id='word_1_377' title='bbox 1281 4197 1375 4250; x_wconf 84' lang='lat' dir='ltr'>altiso-</span> 
     </span>
     <span class='ocr_line' id='line_1_36' title="bbox 138 4289 1374 4362; baseline 0 -15"><span class='ocrx_word' id='word_1_378' title='bbox 138 4310 214 4357; x_wconf 83' lang='lat' dir='ltr'>nam,</span> <span class='ocrx_word' id='word_1_379' title='bbox 227 4291 431 4361; x_wconf 85' lang='lat' dir='ltr'>praedicatorem</span> <span class='ocrx_word' id='word_1_380' title='bbox 440 4290 563 4344; x_wconf 86' lang='lat' dir='ltr'>veritatis</span> <span class='ocrx_word' id='word_1_381' title='bbox 573 4289 779 4358; x_wconf 87' lang='lat' dir='ltr'>infatigabilem,</span> <span class='ocrx_word' id='word_1_382' title='bbox 787 4289 903 4342; x_wconf 89' lang='lat' dir='ltr'>Paulum</span> <span class='ocrx_word' id='word_1_383' title='bbox 913 4289 982 4351; x_wconf 89' lang='lat' dir='ltr'>dico,</span> <span class='ocrx_word' id='word_1_384' title='bbox 989 4290 1196 4345; x_wconf 91' lang='lat' dir='ltr'>nobilissimum</span> <span class='ocrx_word' id='word_1_385' title='bbox 1208 4294 1374 4362; x_wconf 89' lang='lat' dir='ltr'>apostolum,</span> 
     </span>
     <span class='ocr_line' id='line_1_37' title="bbox 137 4388 1374 4460; baseline 0.002 -17"><span class='ocrx_word' id='word_1_386' title='bbox 137 4391 186 4460; x_wconf 85' lang='lat' dir='ltr'>qui</span> <span class='ocrx_word' id='word_1_387' title='bbox 205 4389 341 4444; x_wconf 85' lang='lat' dir='ltr'>Ecclesias</span> <span class='ocrx_word' id='word_1_388' title='bbox 358 4389 521 4443; x_wconf 84' lang='lat' dir='ltr'>illuminavit</span> <span class='ocrx_word' id='word_1_389' title='bbox 540 4393 568 4441; x_wconf 98' lang='lat' dir='ltr'>et</span> <span class='ocrx_word' id='word_1_390' title='bbox 588 4388 761 4441; x_wconf 85' lang='lat' dir='ltr'>confirmarit</span> <span class='ocrx_word' id='word_1_391' title='bbox 777 4388 949 4451; x_wconf 88' lang='lat' dir='ltr'>christianos,</span> <span class='ocrx_word' id='word_1_392' title='bbox 961 4389 1095 4459; x_wconf 84' lang='lat' dir='ltr'>confregit</span> <span class='ocrx_word' id='word_1_393' title='bbox 1116 4391 1220 4459; x_wconf 89' lang='lat' dir='ltr'>templa</span> <span class='ocrx_word' id='word_1_394' title='bbox 1241 4397 1269 4445; x_wconf 91' lang='lat' dir='ltr'>et</span> <span class='ocrx_word' id='word_1_395' title='bbox 1289 4393 1374 4447; x_wconf 89' lang='lat' dir='ltr'>diruit</span> 
     </span>
     <span class='ocr_line' id='line_1_38' title="bbox 84 4487 1373 4561; baseline 0.001 -17"><span class='ocrx_word' id='word_1_396' title='bbox 84 4501 118 4550; x_wconf 80' lang='lat'>20</span> <span class='ocrx_word' id='word_1_397' title='bbox 136 4508 201 4545; x_wconf 89' lang='lat' dir='ltr'>aras</span> <span class='ocrx_word' id='word_1_398' title='bbox 213 4496 241 4544; x_wconf 92' lang='lat' dir='ltr'>et</span> <span class='ocrx_word' id='word_1_399' title='bbox 253 4489 386 4559; x_wconf 80' lang='lat' dir='ltr'>confregit</span> <span class='ocrx_word' id='word_1_400' title='bbox 397 4489 470 4543; x_wconf 93' lang='lat' dir='ltr'>idola</span> <span class='ocrx_word' id='word_1_401' title='bbox 481 4487 678 4542; x_wconf 88' lang='lat' dir='ltr'>abominabilia</span> <span class='ocrx_word' id='word_1_402' title='bbox 695 4492 723 4540; x_wconf 89' lang='lat' dir='ltr'>et</span> <span class='ocrx_word' id='word_1_403' title='bbox 739 4487 872 4541; x_wconf 86' lang='lat' dir='ltr'>destruxit</span> <span class='ocrx_word' id='word_1_404' title='bbox 890 4488 1003 4551; x_wconf 87' lang='lat' dir='ltr'>altaria;</span> <span class='ocrx_word' id='word_1_405' title='bbox 1024 4506 1116 4544; x_wconf 87' lang='lat' dir='ltr'>secum</span> <span class='ocrx_word' id='word_1_406' title='bbox 1135 4496 1249 4558; x_wconf 89' lang='lat' dir='ltr'>portans</span> <span class='ocrx_word' id='word_1_407' title='bbox 1268 4493 1373 4561; x_wconf 84' lang='lat' dir='ltr'>peccati</span> 
     </span>
     <span class='ocr_line' id='line_1_39' title="bbox 137 4585 1373 4657; baseline 0.002 -15"><span class='ocrx_word' id='word_1_408' title='bbox 137 4587 305 4657; x_wconf 81' lang='lat' dir='ltr'>rumpheam</span> <span class='ocrx_word' id='word_1_409' title='bbox 318 4587 360 4640; x_wconf 90' lang='lat' dir='ltr'>bis</span> <span class='ocrx_word' id='word_1_410' title='bbox 371 4592 489 4649; x_wconf 86' lang='lat' dir='ltr'>acutam,</span> <span class='ocrx_word' id='word_1_411' title='bbox 500 4587 604 4654; x_wconf 84' lang='lat' dir='ltr'>fugavit</span> <span class='ocrx_word' id='word_1_412' title='bbox 615 4586 736 4655; x_wconf 90' lang='lat' dir='ltr'>gentiles,</span> <span class='ocrx_word' id='word_1_413' title='bbox 754 4585 853 4652; x_wconf 86' lang='lat' dir='ltr'>dejecit</span> <span class='ocrx_word' id='word_1_414' title='bbox 870 4592 898 4640; x_wconf 92' lang='lat' dir='ltr'>et</span> <span class='ocrx_word' id='word_1_415' title='bbox 915 4586 1073 4642; x_wconf 89' lang='lat' dir='ltr'>humiliavit</span> <span class='ocrx_word' id='word_1_416' title='bbox 1093 4589 1251 4643; x_wconf 86' lang='lat' dir='ltr'>habitacula</span> <span class='ocrx_word' id='word_1_417' title='bbox 1270 4590 1373 4647; x_wconf 78' lang='lat' dir='ltr'>damo-</span> 
     </span>
    </p>
   </div>
   <div class='ocr_carea' id='block_1_9' title="bbox 135 4684 1371 4757">
    <p class='ocr_par' dir='ltr' id='par_1_10' title="bbox 135 4684 1371 4757">
     <span class='ocr_line' id='line_1_40' title="bbox 135 4684 1371 4757; baseline 0 -15"><span class='ocrx_word' id='word_1_418' title='bbox 135 4704 217 4744; x_wconf 85' lang='lat' dir='ltr'>num,</span> <span class='ocrx_word' id='word_1_419' title='bbox 228 4691 257 4739; x_wconf 86' lang='lat' dir='ltr'>et</span> <span class='ocrx_word' id='word_1_420' title='bbox 269 4700 376 4738; x_wconf 83' lang='lat' dir='ltr'>cessare</span> <span class='ocrx_word' id='word_1_421' title='bbox 387 4685 451 4739; x_wconf 85' lang='lat' dir='ltr'>fecit</span> <span class='ocrx_word' id='word_1_422' title='bbox 461 4684 649 4738; x_wconf 85' lang='lat' dir='ltr'>solemnitates</span> <span class='ocrx_word' id='word_1_423' title='bbox 660 4688 688 4738; x_wconf 88' lang='lat' dir='ltr'>et</span> <span class='ocrx_word' id='word_1_424' title='bbox 699 4684 832 4753; x_wconf 86' lang='lat' dir='ltr'>obsequia</span> <span class='ocrx_word' id='word_1_425' title='bbox 843 4701 949 4739; x_wconf 91' lang='lat' dir='ltr'>eorum.</span> <span class='ocrx_word' id='word_1_426' title='bbox 961 4686 1012 4739; x_wconf 90' lang='lat' dir='ltr'>Hic</span> <span class='ocrx_word' id='word_1_427' title='bbox 1024 4704 1089 4741; x_wconf 77' lang='lat' dir='ltr'>vero</span> <span class='ocrx_word' id='word_1_428' title='bbox 1104 4690 1240 4742; x_wconf 87' lang='lat' dir='ltr'>terrestris</span> <span class='ocrx_word' id='word_1_429' title='bbox 1257 4688 1371 4757; x_wconf 82' lang='lat' dir='ltr'>angelus</span> 
     </span>
    </p>
   </div>
   <div class='ocr_carea' id='block_1_10' title="bbox 0 0 1594 5392">
    <p class='ocr_par' dir='ltr' id='par_1_11' title="bbox 0 0 1594 5392">
     <span class='ocr_line' id='line_1_41' title="bbox 0 0 1594 5392; baseline 0 0"><span class='ocrx_word' id='word_1_430' title='bbox 0 0 1594 5392; x_wconf 95' lang='lat' dir='ltr'> </span> 
     </span>
    </p>
   </div>
  </div>
 </body>
</html>
