3248 5392
323 350 416 403 aiau.
442 350 523 405 aro.
550 354 722 407 sauram.
750 377 797 386 -·
823 356 970 408 merua.
998 357 1045 408 nn
1071 358 1150 410 noo.
1178 350 1214 408 ΝΟ
1240 355 1348 412 ara-n.
1381 337 1449 410 a01

217 541 265 591 tur
278 558 285 602 ;
303 541 353 594 sed
364 546 479 611 utraque
489 545 639 612 gaudenter
650 545 806 614 magnificet
817 544 974 609 Dominum,
986 549 1014 598 et
1024 545 1130 599 exultet
1141 546 1252 615 spiritus
1263 546 1406 615 utriusque
1426 548 1453 602 in

217 636 280 691 Deo
289 639 402 694 salutari
409 657 468 706 suo,
478 643 705 707 contenta‚immo
717 643 860 712 magnifice
868 643 996 712 insignita
1004 649 1082 713 parte
1092 661 1150 708 sue,
1159 661 1242 714 quem
1255 645 1349 699 divina
1359 647 1453 716 digna-

217 735 260 788 tio
270 737 390 804 gratuito
399 739 424 792 ei
435 756 549 793 munere
557 740 677 794 indulsit
687 740 820 808 Quamvis
831 741 903 794 enim
918 758 970 794 nec
981 741 1034 804 isti,
1044 758 1094 795 nec
1108 742 1146 796 illi
1158 743 1290 796 donatum
1313 743 1348 797 sit
1365 747 1453 798 totum

216 833 361 901 possidere
368 841 475 891 tautum
485 839 623 908 talemque
631 846 787 909 patronum,
795 845 888 894 tamen
898 845 1021 909 utraque,
1034 840 1129 894 sicum
1142 841 1196 894 fida
1214 846 1241 894 et
1253 841 1299 910 pia
1307 842 1454 897 deuotione

180 938 198 986 a
216 947 343 1000 querere
351 951 407 989 non
416 937 572 1006 neglexerit,
581 939 729 993 indivisum
742 939 864 1007 ejusdem
875 939 1024 993 merebitur
1034 939 1157 993 invenire
1169 940 1361 1008 patrocinium.

261 1029 296 1087 2.
319 1033 473 1087 Nostamen
482 1051 551 1102 quos
560 1036 726 1104 alienigenas
733 1041 761 1089 et
771 1036 852 1105 longe
863 1035 967 1106 positos
976 1036 1168 1105 praeveniendo
1178 1038 1207 1090 in
1216 1037 1453 1092 benedictionibus

217 1129 373 1184 dulcedinis
381 1131 453 1185 ultro
463 1133 572 1186 visitare
581 1133 707 1202 dignatus
721 1139 770 1199 est,
782 1140 810 1187 et
821 1134 892 1203 apud
905 1150 956 1187 nos
967 1134 1141 1187 mansionem
1153 1134 1260 1204 eligere,
1271 1140 1301 1188 ut
1318 1136 1352 1188 de
1361 1136 1453 1205 hospi·

165 1216 168 1222 ¹
216 1228 294 1282 tibus
302 1234 330 1282 et
338 1231 452 1283 advenis
466 1231 586 1286 efficeret
595 1232 668 1286 cives
677 1238 835 1286 sanctorum
848 1237 875 1285 et
884 1232 1050 1285 domesticos
1062 1232 1119 1296 Dei,
1129 1232 1273 1300 specialius
1286 1249 1349 1286 eum
1358 1248 1452 1286 amare

216 1344 250 1382 ae
272 1329 399 1382 devotius
409 1331 534 1385 venerari
554 1337 687 1397 tenemur,
705 1333 771 1387 certi
782 1332 912 1387 nimirum
932 1348 965 1384 ac
981 1332 1097 1385 fidentes
1114 1333 1196 1401 quod,
1216 1333 1239 1385 si
1259 1338 1342 1386 tantae
1360 1333 1453 1401 gratiae

164 1430 199 1480 to
216 1426 317 1496 ingrati
327 1444 383 1482 non
395 1429 536 1494 fuerimus,
549 1431 627 1499 plura
639 1436 667 1484 et
683 1432 792 1500 potiora
803 1448 851 1500 per
863 1447 926 1484 eum
948 1447 964 1483 a
976 1431 1095 1484 Domino
1113 1448 1221 1499 semper
1233 1432 1366 1485 beneficia
1385 1432 1453 1485 obti-

216 1541 283 1580 nere
295 1529 521 1595 promerebimur.
534 1529 605 1597 Quid
617 1530 690 1583 enirn
704 1530 878 1599 diligentibus
887 1534 915 1583 et
926 1529 1128 1584 honorantibus
1139 1547 1169 1583 se
1187 1530 1232 1583 ille
1250 1547 1306 1583 non
1319 1530 1395 1584 dabit
1406 1530 1454 1599 qui

217 1624 264 1677 vix
273 1642 376 1679 nornen
385 1627 443 1695 ejus
455 1628 604 1683 scientibus
622 1629 747 1698 nihilque
767 1629 839 1697 apud
852 1645 914 1683 eum
933 1631 1023 1682 adhuc
1035 1628 1140 1682 meritis
1159 1629 1337 1698 semetipsum
1355 1629 1453 1684 dedit?

216 1723 270 1789 Qui
288 1724 317 1777 in
334 1725 388 1779 hoc
405 1726 581 1780 mortalitatis
597 1744 710 1796 corpore
731 1728 844 1797 positus,
861 1729 1034 1796 necdumque
1051 1728 1080 1781 in
1098 1728 1206 1782 Christo
1219 1733 1330 1781 renatus
1347 1733 1452 1782 tantam

216 1821 360 1876 cantatam
371 1824 533 1894 habuitque
547 1825 682 1879 Dominus
694 1827 832 1880 neminem
851 1827 953 1880 hahere
974 1826 1102 1880 diffinivit
1123 1827 1267 1894 majorem,
1278 1831 1309 1880 ut
1330 1827 1451 1881 andnam

166 1921 199 1971 ta
214 1936 295 1974 suam
307 1938 358 1990 pro
369 1922 452 1977 fratre
464 1929 492 1978 et
500 1925 609 1993 hospite
622 1942 672 1979 suo
682 1942 738 1979 non
750 1925 888 1979 dubitaret
896 1941 1006 1994 ponere,
1020 1931 1155 1994 quantam
1169 1942 1241 1978 nunc
1261 1942 1323 1979 eurn
1342 1925 1452 1979 credere

213 2019 354 2088 possimus
365 2022 503 2090 possidere
525 2023 645 2077 caritatis
657 2024 862 2093 perfectionem,
879 2025 990 2093 quando
1008 2025 1037 2078 in
1055 2024 1159 2077 caelesti
1175 2024 1262 2092 gloria
1280 2024 1451 2091 constitutus,

214 2133 271 2171 non
295 2118 330 2171 de
353 2119 412 2173 rivo
434 2122 551 2175 tenuiter
573 2127 704 2176 manante
718 2123 736 2187 ¹,
756 2123 804 2176 sed
825 2123 859 2176 de
880 2122 938 2191 ipsa
954 2122 1038 2176 sontis
1055 2122 1149 2175 aetemi
1170 2122 1339 2191 plenitudine
1358 2122 1451 2176 haurit

214 2216 399 2284 integritatem
416 2219 593 2273 beatitudinis
614 2221 693 2274 sure?
713 2220 819 2283 Haurit,
840 2221 961 2289 inquam,
984 2221 1017 2274 de
1038 2219 1206 2289 plenitudine
1224 2220 1307 2274 sontis
1325 2221 1397 2274 illius
1414 2221 1449 2274 de

213 2330 270 2383 qua
287 2316 430 2384 psalmista
440 2319 655 2386 gratulabundus
668 2321 725 2373 Deo
739 2340 745 2373 :
760 2322 892 2386 Quoniam
913 2323 988 2387 apud
1007 2329 1038 2384 ta,
1051 2319 1147 2388 inquit,
1165 2327 1203 2372 est
1223 2322 1286 2386 fone
1298 2323 1356 2373 otta
1375 2328 1399 2373 et
1418 2323 1448 2372 iu

168 2414 197 2466 ld
213 2415 371 2468 luminetuo
383 2419 530 2470 videbimus
538 2421 636 2472 ticinen.
647 2419 715 2472 Vere
722 2420 800 2486 juxta
809 2419 925 2487 apostoli
935 2418 1099 2471 sententiam
1111 2418 1252 2487 plenitudo
1262 2418 1328 2487 legis
1340 2419 1447 2484 caritas,

213 2529 262 2581 per
272 2530 357 2582 quarn
375 2515 479 2570 iactum
492 2519 619 2586 estquod
637 2519 660 2571 is
671 2519 718 2587 qui
731 2519 847 2572 necdum
868 2522 1003 2587 praecepta
1020 2518 1119 2571 divina
1132 2518 1198 2586 legis
1214 2517 1345 2582 audierat,
1354 2517 1446 2572 subito

212 2612 351 2679 perfectus
371 2614 467 2669 doctor
485 2621 512 2670 et
531 2618 662 2685 probatus
682 2617 845 2685 adimpletor
861 2617 973 2684 justitiae
992 2617 1120 2670 inventus
1134 2622 1193 2678 est3
1216 2617 1347 2685 quoniam
1368 2618 1446 2684 juxta

211 2711 343 2764 eumdem
352 2714 506 2781 apostolum
520 2736 525 2768 :
540 2717 600 2768 Nou
611 2719 749 2769 auditores
758 2719 804 2769 sed
814 2719 930 2783 factores
942 2718 1204 2783 legisjuatisicautur
1217 2719 1292 2784 apud
1301 2717 1396 2769 Deum.

253 2807 289 2865 ³.
312 2806 408 2862 Merito
418 2809 598 2875 taliamento
615 2811 757 2880 gloriosus
767 2811 916 2880 gloriosum
934 2812 962 2864 in
978 2811 1045 2864 coelo
1063 2816 1091 2864 et
1109 2811 1135 2864 in
1148 2817 1220 2864 terra
1238 2829 1271 2864 ex
1294 2827 1322 2864 re
1343 2829 1444 2866 nornen

162 2905 193 2957 id
211 2907 328 2975 adeptus
336 2907 410 2975 quod
420 2923 451 2959 os
459 2906 568 2960 Domini
579 2907 739 2960 nominavit.
749 2907 864 2960 Albinus
873 2907 946 2960 enim
959 2907 1131 2960 denominari
1142 2908 1250 2960 videtur
1259 2908 1294 2960 ab
1303 2908 1442 2962 albedine:

210 3021 273 3073 quae
287 3005 461 3074 vixunquam
471 3006 523 3059 nisi
537 3006 564 3058 in
576 3005 657 3058 laude
671 3008 698 3059 in
710 3006 854 3074 Scripturis
863 3007 953 3074 posita
967 3006 1112 3059 invenitur.
1124 3006 1184 3072 Quo
1202 3007 1316 3060 nomine
1334 3012 1444 3060 sanctus

210 3101 263 3155 iste
275 3118 331 3155 non
344 3103 491 3172 incongrue
510 3109 643 3167 censetur,
656 3121 719 3157 cum
731 3105 769 3158 sit
780 3120 851 3157 unus
863 3108 890 3156 et
903 3105 936 3157 de
949 3104 1101 3172 potioribus
1115 3104 1141 3156 in
1160 3121 1275 3157 numero
1288 3122 1384 3158 eorum
1396 3110 1444 3174 qui

210 3210 339 3254 venerunt
348 3206 380 3256 de
392 3205 566 3257 tribulatione
583 3222 681 3269 uicaria
694 3213 717 3256 et
729 3207 852 3256 laverunt
868 3205 952 3256 stolas
967 3221 1032 3256 suas
1042 3212 1064 3256 et
1074 3205 1263 3257 dealbaverunt
1276 3222 1321 3257 aaa
1334 3208 1363 3257 iu
1380 3222 1443 3257 eccie-

207 3303 291 3367 guine
303 3303 385 3367 Apui.
395 3301 474 3367 Quod
492 3302 602 3370 quidem
612 3303 681 3355 mire
693 3303 795 3356 dictum
812 3305 840 3355 et
854 3303 982 3357 humana
994 3301 1184 3356 consuetudini
1198 3303 1364 3356 contrarium
1383 3320 1443 3357 esse

161 3400 191 3451 dd
208 3398 327 3462 videtur,
344 3400 474 3467 quoniam
492 3401 631 3470 sanguinis
648 3402 771 3455 intinctio
790 3418 845 3455 non
862 3401 1063 3454 dealbationem
1075 3401 1123 3454 sed
1142 3401 1233 3469 potius
1247 3402 1442 3455 cruentationis

208 3497 353 3551 horrorem
367 3499 455 3552 soleat
472 3500 579 3554 inferre.
591 3501 644 3554 Sed
662 3500 791 3554 nimirum
808 3500 923 3568 Spiritus
943 3506 1054 3554 sauctus
1069 3500 1117 3568 qui
1130 3516 1178 3568 per
1190 3518 1220 3553 os
1239 3500 1312 3553 beati
1328 3500 1442 3553 loannis

208 3596 327 3665 apostoli
338 3602 365 3650 et
377 3599 550 3667 evangelistae
563 3599 638 3652 verbi
651 3599 768 3652 coelestis
780 3616 881 3653 arcana
898 3599 1027 3652 humanis
1039 3599 1152 3651 auribus
1164 3599 1303 3667 expressit,
1312 3599 1347 3651 ad
1356 3599 1441 3653 virtu-

208 3698 265 3746 tem
278 3699 306 3747 et
320 3695 470 3748 efficaciam
482 3696 617 3764 passionis
633 3696 731 3750 Christi
750 3697 859 3766 proprie
877 3696 995 3765 respexit
1006 3716 1012 3758 ;
1025 3697 1090 3765 quia
1101 3697 1222 3764 profecto
1244 3697 1353 3764 sanguis
1372 3697 1440 3765 hgni

208 3791 378 3846 immaculati
391 3799 418 3846 et
427 3793 634 3847 incontaminati
643 3794 743 3848 Christi
756 3795 829 3847 lavat
841 3800 868 3847 et
877 3795 992 3847 mundat
1009 3799 1166 3847 sanctorum
1181 3794 1295 3855 animas,
1313 3794 1441 3847 auferens

161 3891 190 3942 ld
206 3891 348 3944 sordidam
360 3891 528 3960 nigredinem
540 3899 723 3962 peccatorum,
736 3894 880 3946 conferens
899 3894 1046 3946 eandorem
1063 3898 1091 3947 et
1103 3893 1230 3946 decorem
1251 3893 1391 3947 virtutum.
1408 3894 1439 3946 ln

206 3989 291 4056 hujus
302 3989 372 4058 Agrii
384 3992 515 4060 sanguine
524 3991 617 4045 lavant
626 4008 723 4046 omnes
732 3993 827 4057 sancti,
837 3993 1027 4062 praecipueque
1035 3997 1170 4060 martyres
1180 3997 1207 4045 et
1216 3991 1346 4045 dealbant
1354 3992 1439 4046 stolas

205 4103 279 4149 suas,
300 4087 386 4142 idest
408 4107 523 4159 corpora
545 4096 573 4144 et
588 4091 703 4156 animas,
722 4091 853 4159 quoniam
875 4096 978 4158 quanto
1000 4091 1087 4158 magis
1107 4090 1279 4144 similitudini
1303 4090 1439 4159 passionis

206 4185 309 4239 Christi
319 4188 447 4255 patiendo
468 4190 693 4259 appropinquant,
706 4194 783 4243 tanto
804 4190 891 4258 magis
903 4206 959 4258 prae
979 4189 1077 4243 ceteris
1096 4189 1124 4242 in
1136 4195 1244 4243 aetemae
1262 4189 1439 4242 beatitudinis

204 4284 330 4339 claritate
338 4286 483 4355 gloriosius
492 4294 645 4342 coruscant.

161 4384 187 4437 lo
245 4383 281 4438 4.
305 4383 379 4437 Inter
389 4385 630 4453 quos,glorioseet
640 4384 783 4453 praeelecte
800 4385 901 4439 Christi
913 4390 1017 4454 martyr
1034 4384 1142 4448 Albine,
1155 4400 1218 4438 curn
1237 4384 1281 4438 his
1292 4385 1339 4452 qui
1352 4384 1437 4454 empti

204 4487 270 4536 sunt
281 4498 315 4536 ex
326 4481 486 4535 hominibus
497 4481 623 4551 primitia.
642 4483 699 4536 Deo
716 4488 744 4535 et
761 4482 847 4551 Agno,
865 4487 978 4535 cantans
990 4482 1126 4536 canticum
1148 4497 1250 4535 norum
1264 4496 1437 4550 sequensque

239 4690 247 4721 ¹
260 4692 317 4744 cod.
330 4692 460 4744 manarit.
