3248 5392
162 110 254 159 nrm.
280 109 361 161 nna.
389 111 560 163 anasum.
588 133 634 141 —
661 111 808 162 sennan.
837 112 882 162 un
908 113 987 163 con.
1014 113 1051 163 m
1077 111 1184 164 aso-sa.
1216 91 1288 164 nm

61 302 160 352 atrimae
171 316 233 353 ntes
244 303 293 368 qui
309 304 383 354 sunit
398 303 478 355 rebero
489 320 555 355 meo.
568 303 697 356 Tundens
718 307 811 371 pectus
829 318 908 356 suum
922 302 1088 356 exclamavit
1104 319 1171 357 voce
1183 319 1290 373 magna,

61 397 179 451 dicens:
196 400 293 463 Venite,
301 402 408 467 plorate
423 419 531 466 mecum,
549 405 614 470 quio
632 404 718 455 decem
730 410 754 455 et
765 410 861 470 septem
879 405 961 455 annis
982 410 1040 455 erat
1058 405 1088 456 in
1100 405 1177 457 domo
1188 421 1255 469 mea,
1266 413 1290 457 et

59 514 138 550 nemo
152 500 223 550 ›rorit
235 501 306 565 quod
315 501 391 564 fitius
399 517 474 552 meus
484 509 557 561 esset,
573 508 596 553 et
608 493 738 554 cedebant
752 519 811 554 enm
828 504 899 554 servi
908 504 961 554 mei
970 503 1090 567 fustibus
1104 509 1128 555 et
1139 503 1236 570 alapis,
1245 520 1289 556 ex·

56 602 173 661 picentes
185 598 213 646 in
222 597 319 659 sociem
328 598 388 662 ejus
398 605 421 650 et
441 600 542 650 multos
560 600 682 664 injurias
699 607 722 652 et
740 601 833 651 omnio
846 601 991 666 opprobrio
1009 601 1164 653 exercebant
1181 603 1211 653 in
1222 618 1290 665 esent,

14 696 41 749 B
57 695 206 746 nescientes
215 697 277 762 quis
285 703 357 747 esset.
366 697 434 761 Heu,
441 697 484 762 fili
492 699 538 761 mi,
547 699 636 750 tumen
643 699 779 751 oerelornm
788 715 914 760 meorum,
925 701 1053 765 quomodo
1061 701 1168 752 latuisti
1176 702 1206 751 in
1214 702 1291 754 donno

54 795 151 858 patris
170 796 213 845 tui
231 811 319 847 anuos
336 799 449 848 tantos?
465 796 499 849 Et
515 801 575 849 erat
586 797 736 850 extendens
752 814 852 851 manus
869 814 933 851 suas
945 813 1027 865 snper
1038 797 1144 851 vultum
1157 799 1216 866 ejus
1228 814 1289 852 cum

57 906 163 959 magno
181 892 297 960 suspirio
316 893 427 956 etitem,
446 895 645 964 fundentesque
663 896 733 950 oculi
751 898 810 963 ejus
827 896 953 950 lacrimas
973 897 1170 951 amaritudinis.
1189 897 1289 951 lterum

57 995 147 1058 atque
159 990 257 1044 iterum
275 993 432 1060 expandens
444 993 558 1047 brachia
577 1011 627 1046 sua
639 1011 720 1063 super
736 995 835 1048 faciem
853 996 919 1062 ejus
932 996 1002 1048 sicul
1013 1011 1107 1064 passer
1118 1011 1201 1064 super
1210 1011 1290 1049 suum

56 1088 159 1143 nidum
172 1090 380 1158 requiritfilium
392 1107 481 1155 suum,
494 1092 604 1146 diceus:
619 1095 679 1146 Hen
690 1096 776 1147 mihi!
792 1096 862 1147 Date
881 1096 949 1146 mihi
958 1096 1096 1162 planetum
1113 1111 1248 1148 amorum.
1259 1095 1292 1148 Et
1328 1105 1331 1111 '

10 1195 40 1245 lo
58 1187 192 1240 osculans
205 1188 292 1256 ipsum
305 1194 544 1258 corpnssanelum
557 1189 633 1244 dixit:
642 1192 703 1243 Here
712 1193 788 1254 mihi,
796 1192 902 1244 domine
912 1193 950 1242 mi
954 1208 1052 1258 ‚qnare
1060 1193 1100 1243 sic
1106 1192 1196 1257 fecisti
1204 1190 1272 1242 mihi
1279 1193 1293 1242 i

64 1286 169 1340 Vidisti
188 1305 229 1340 me
247 1290 351 1353 rientem
363 1291 480 1356 quotidie
492 1296 516 1342 ei
533 1296 638 1357 patrem
649 1297 725 1342 tunm
737 1296 760 1342 et
772 1306 824 1341 non
838 1291 977 1342 ostendisti
988 1291 1071 1343 nobis.
1083 1289 1189 1356 Sponsa
1200 1292 1292 1341 autem

57 1385 123 1451 ejus
135 1384 268 1449 similiter,
277 1385 371 1439 induta
384 1390 459 1440 veste
469 1386 593 1448 contrita,
605 1385 724 1440 cucurrit
733 1387 842 1455 plorans
852 1403 914 1439 eum
924 1385 1052 1448 lacrimis,
1064 1390 1091 1439 et
1100 1385 1223 1439 dicebat:
1232 1387 1293 1438 Heu·

59 1486 100 1536 nsi
106 1492 242 1536 turturem
249 1502 417 1553 menmqnem
426 1488 543 1553 ditifica
551 1487 981 1551 Desertaetdesolotoleodiesocta
990 1487 1206 1553 suntetoppnrni
1212 1486 1293 1537 vidua

59 1590 86 1634 et
103 1600 158 1635 non
179 1584 276 1636 leobebo
288 1586 476 1652 eliquamini
487 1587 619 1652 aspiciam
632 1592 656 1638 et
672 1586 767 1638 omorio
780 1585 894 1651 plorabo
906 1601 989 1651 usqne
998 1586 1034 1636 nd
1046 1591 1163 1637 mortem.
1175 1582 1295 1651 Populus

10 1688 43 1736 ss
60 1684 159 1731 aulem
172 1678 260 1734 metus
267 1685 308 1734 est
314 1685 426 1750 stupens
435 1681 463 1734 in
471 1681 605 1734 miraculo
615 1685 643 1734 et
652 1680 722 1734 oculi
732 1696 827 1734 eorum
837 1680 1137 1749 replebanturlacrimis
1145 1680 1292 1750 plorantes.

109 1777 165 1834 10.
191 1777 268 1831 Tunc
277 1779 417 1845 jusserunt
428 1779 543 1847 piissimi
561 1779 740 1847 imperatores
752 1777 848 1831 deduci
860 1777 960 1831 lectum
978 1778 1005 1831 in
1022 1778 1142 1831 mediam
1155 1777 1292 1830 civitatem

61 1882 91 1930 et
103 1876 300 1929 nuntiaverunt
309 1875 417 1944 populo,
429 1874 562 1929 dicentes:
570 1877 637 1928 Eece
646 1878 796 1928 invenimus
807 1876 940 1928 hominem
953 1876 1004 1927 Dei
1015 1892 1092 1942 quem
1103 1876 1254 1942 querebant
1265 1876 1294 1926 in

61 1977 171 2028 civitate
183 1983 284 2027 nostro.
293 1973 451 2042 Omnesque
463 1973 608 2027 currebant
620 1973 731 2026 obviam
744 1972 851 2040 corpori
863 1976 967 2025 sancto.
979 1971 1080 2038 Quanti
1096 1972 1245 2025 audiebant
1261 1971 1295 2024 de

62 2074 125 2142 ipso
134 2089 249 2141 corpore
258 2073 305 2141 qui
317 2072 411 2142 egroti
423 2077 509 2134 eraut,
520 2072 688 2125 curabantur
699 2072 734 2125 ab
747 2071 875 2124 omnibus
886 2070 1091 2124 infirmitatibus
1102 2087 1197 2124 eorum
1208 2090 1214 2132 ;
1226 2070 1295 2124 muli

10 2178 44 2230 ro
61 2172 264 2241 loquebantur;
287 2172 351 2225 caeci
362 2172 492 2226 videbant
509 2176 536 2225 et
555 2171 655 2239 leprosi
675 2171 894 2234 mundabantur;
918 2169 1054 2223 daemonia
1071 2169 1218 2239 fugiebant.
1231 2169 1294 2223 Haee

63 2275 158 2325 autem
172 2270 309 2325 mirabilia
319 2270 462 2324 audientes
474 2270 660 2338 imperatores,
681 2270 827 2338 portabant
846 2269 946 2323 lectum
959 2272 987 2322 et
997 2268 1120 2337 pontifex
1131 2284 1192 2322 cum
1206 2268 1253 2329 eis,
1265 2273 1296 2321 ut

64 2369 269 2423 sanctificarent
280 2385 310 2422 se
322 2370 355 2422 de
365 2369 424 2437 ipso
437 2385 550 2438 corpore
559 2374 662 2422 sancto.
681 2367 766 2421 Mater
777 2373 870 2421 autem
880 2369 939 2435 ejus
951 2367 1076 2421 similiter
1087 2372 1184 2421 tenens
1194 2367 1293 2421 lectum

64 2467 240 2536 expandebat
259 2483 358 2521 manus
377 2483 459 2535 super
475 2472 598 2538 sanctum
621 2482 727 2534 corpus.
745 2466 850 2535 Sponsa
862 2472 955 2525 autem
973 2467 1032 2534 ejus
1043 2465 1127 2519 tristis
1139 2470 1167 2519 et
1178 2481 1296 2519 moerens

64 2565 233 2634 sequebatur
244 2564 343 2618 lectum
358 2568 385 2617 et
393 2564 526 2632 plorabat.
535 2563 656 2632 Populus
664 2567 756 2616 aulem
766 2562 848 2616 nimis
860 2579 889 2616 se
902 2563 1100 2633 comprimebat
1110 2578 1192 2630 super
1201 2562 1296 2631 graba·

14 2671 48 2722 εδ
64 2668 125 2718 tum
143 2669 171 2717 et
182 2679 239 2717 non
257 2667 383 2731 poterant
400 2662 569 2716 antecedere.
586 2662 663 2715 Tunc
679 2662 819 2728 J'usserunt
830 2662 943 2730 piissimi
961 2663 1141 2731 imperatores
1158 2678 1255 2715 aumm
1269 2666 1297 2714 et

65 2767 210 2830 arpentum
224 2762 250 2815 in
263 2762 352 2830 platea
362 2761 466 2829 jactari,
476 2765 506 2815 ut
514 2759 628 2815 forsitan
641 2760 758 2830 populus
768 2760 948 2814 inclinaretse
957 2762 992 2814 ad
1001 2762 1160 2815 thesaurum
1174 2760 1296 2815 etdedis·

65 2865 128 2915 sent
138 2861 230 2915 locum
241 2859 420 2914 antecedendi
432 2876 497 2939 cum·
505 2876 619 2929 corpore
631 2864 735 2913 sancto.
747 2860 799 2913 Sed
809 2876 891 2913 nemo
903 2864 996 2914 lamen
1009 2867 1077 2913 nutu
1088 2860 1199 2913 Domiui
1211 2861 1295 2913 inten-

66 2960 150 3013 debat
159 2959 186 3012 in
196 2975 293 3013 aurum
307 2959 351 3013 vel
360 2964 511 3028 argentum,
520 2959 568 3012 sed
577 2958 668 3027 potius
677 2957 705 3011 in
715 2974 828 3026 corpore
838 2964 941 3013 sancto.
950 2960 984 3013 Et
992 2975 1054 3012 cum
1064 2975 1162 3028 magna
1172 2958 1296 3027 angustia

65 3058 221 3111 eduxerunt
233 3057 333 3109 lectum
345 3073 409 3110 cum
419 3072 532 3124 corpore
544 3059 638 3108 sancto
649 3055 676 3108 in
690 3055 821 3123 templum
829 3057 917 3109 sancti
928 3055 1063 3109 Bonifacii
1072 3073 1134 3110 cum
1150 3056 1260 3124 hymnis
1269 3063 1296 3110 al

15 3163 48 3214 ilo
66 3155 196 3225 laudibus
205 3155 263 3217 Dei,
274 3160 302 3208 et
318 3154 357 3207 ibi
373 3153 580 3208 laetificaverunt
592 3153 636 3207 die
648 3152 773 3221 septimo.
782 3153 868 3207 Mater
876 3170 942 3207 vero
952 3160 979 3208 et
987 3171 1087 3222 sponsa
1096 3159 1199 3207 stantes
1207 3155 1296 3224 plora-

67 3245 142 3308 bant
151 3254 285 3307 Feceruut
293 3256 385 3306 autem
396 3257 605 3306 monumentum
616 3252 676 3318 ejus
685 3252 719 3305 de
729 3268 796 3305 auro
807 3257 834 3305 et
845 3253 961 3320 gemmis
969 3253 1102 3322 pretiosis
1112 3257 1139 3305 et
1148 3252 1296 3306 collocave-

67 3355 131 3404 runt
139 3355 266 3403 sanctum
277 3365 375 3417 corpus
387 3349 415 3402 in
427 3349 525 3402 endem
534 3348 603 3411 loco,
613 3348 660 3401 ubi
669 3353 832 3417 prestantur
841 3349 972 3402 beneficia
982 3350 1041 3415 ejus
1050 3366 1136 3418 usque
1145 3349 1173 3402 in
1182 3365 1296 3418 praesen·

67 3452 123 3502 tem
133 3448 362 3516 diamDepositiu
372 3452 465 3501 autem
475 3448 534 3515 ejus
545 3463 641 3500 mense
647 3446 734 3513 junio,
744 3447 788 3500 die
797 3447 973 3517 septimosub
985 3448 1107 3501 Honorio
1116 3453 1142 3501 et
1151 3447 1296 3510 Archadio,

67 3545 198 3615 piissimis
206 3545 421 3616 imperatoribus,
429 3547 525 3600 llomae
535 3546 694 3600 celebratur.
703 3546 735 3598 Et
744 3546 777 3598 de
786 3546 843 3614 ipso
853 3552 1032 3599 monumento
1040 3547 1190 3615 procedunt
1199 3547 1297 3600 odores

18 3654 49 3705 as
65 3645 179 3699 nauide
187 3645 365 3707 aromatibus,
372 3646 429 3699 etsi
437 3645 500 3714 quid
509 3644 898 3714 petieritaliquisalieo.dabit
906 3645 930 3698 ei
938 3646 1011 3699 Deus
1018 3662 1066 3714 per
1074 3645 1295 3699 intercessionem

66 3744 140 3798 beati
151 3744 254 3808 Alexis,
265 3744 386 3798 huminis
403 3745 460 3808 Dei,
478 3743 686 3798 retributionem
704 3743 806 3796 bonam
819 3745 947 3797 omnibus
956 3745 1002 3813 qui
1013 3750 1123 3813 sperant
1133 3744 1160 3797 in
1170 3744 1296 3806 Domino,

65 3845 109 3900 rui
118 3851 162 3900 est
171 3846 270 3910 honor,
283 3844 342 3899 laus
351 3848 379 3898 et
387 3849 516 3913 potestas,
529 3844 614 3897 virtus
623 3848 650 3896 el
662 3843 804 3912 imperium
820 3843 846 3896 in
856 3844 948 3897 secula
959 3845 1122 3898 seculorum.
1133 3844 1230 3898 Amen.
