<?xml version="1.0" encoding="UTF-8"?>
<!DOCTYPE html PUBLIC "-//W3C//DTD XHTML 1.0 Transitional//EN"
    "http://www.w3.org/TR/xhtml1/DTD/xhtml1-transitional.dtd">
<html xmlns="http://www.w3.org/1999/xhtml" xml:lang="en" lang="en">
 <head>
  <title>
</title>
<meta http-equiv="Content-Type" content="text/html;charset=utf-8" />
  <meta name='ocr-system' content='tesseract 3.04.00' />
  <meta name='ocr-capabilities' content='ocr_page ocr_carea ocr_par ocr_line ocrx_word'/>
</head>
<body>
  <div class='ocr_page' id='page_1' title='image "./cataloguscodicu01belggoog_0103.png"; bbox 0 0 3248 5392; ppageno 0'>
   <div class='ocr_carea' id='block_1_1' title="bbox 261 301 1147 374">
    <p class='ocr_par' dir='ltr' id='par_1_1' title="bbox 261 301 1147 374">
     <span class='ocr_line' id='line_1_1' title="bbox 261 301 1147 374; baseline -0.002 -1"><span class='ocrx_word' id='word_1_1' title='bbox 261 301 309 374; x_wconf 85' lang='lat'><strong>80</strong></span> <span class='ocrx_word' id='word_1_2' title='bbox 596 318 720 371; x_wconf 79' lang='lat' dir='ltr'><strong>aaran.</strong></span> <span class='ocrx_word' id='word_1_3' title='bbox 747 319 849 372; x_wconf 89' lang='lat' dir='ltr'><strong>cono.</strong></span> <span class='ocrx_word' id='word_1_4' title='bbox 875 318 1147 371; x_wconf 67' lang='lat' dir='ltr'><strong>samosateum.</strong></span> 
     </span>
    </p>
   </div>
   <div class='ocr_carea' id='block_1_2' title="bbox 258 505 1461 874">
    <p class='ocr_par' dir='ltr' id='par_1_2' title="bbox 258 505 1461 874">
     <span class='ocr_line' id='line_1_2' title="bbox 260 505 1461 579; baseline -0.002 -15"><span class='ocrx_word' id='word_1_5' title='bbox 260 510 379 564; x_wconf 86' lang='lat' dir='ltr'><strong>clemens</strong></span> <span class='ocrx_word' id='word_1_6' title='bbox 388 526 420 563; x_wconf 88' lang='lat' dir='ltr'><strong>ac</strong></span> <span class='ocrx_word' id='word_1_7' title='bbox 431 508 565 579; x_wconf 86' lang='lat' dir='ltr'><strong>propitius</strong></span> <span class='ocrx_word' id='word_1_8' title='bbox 574 509 646 562; x_wconf 87' lang='lat' dir='ltr'><strong>Deus</strong></span> <span class='ocrx_word' id='word_1_9' title='bbox 658 508 706 578; x_wconf 87' lang='lat' dir='ltr'><strong>qui</strong></span> <span class='ocrx_word' id='word_1_10' title='bbox 718 508 841 562; x_wconf 86' lang='lat' dir='ltr'><strong>infirmos</strong></span> <span class='ocrx_word' id='word_1_11' title='bbox 853 508 880 561; x_wconf 92' lang='lat' dir='ltr'><strong>in</strong></span> <span class='ocrx_word' id='word_1_12' title='bbox 889 507 986 576; x_wconf 83' lang='lat' dir='ltr'><strong>plateis</strong></span> <span class='ocrx_word' id='word_1_13' title='bbox 997 508 1101 576; x_wconf 92' lang='lat' dir='ltr'><strong>positos</strong></span> <span class='ocrx_word' id='word_1_14' title='bbox 1112 508 1210 561; x_wconf 89' lang='lat' dir='ltr'><strong>umbra</strong></span> <span class='ocrx_word' id='word_1_15' title='bbox 1221 507 1296 561; x_wconf 89' lang='lat' dir='ltr'><strong>Petri</strong></span> <span class='ocrx_word' id='word_1_16' title='bbox 1304 505 1461 561; x_wconf 82' lang='lat' dir='ltr'><strong>obumbratos</strong></span> 
     </span>
     <span class='ocr_line' id='line_1_3' title="bbox 258 605 1461 677; baseline -0.002 -14"><span class='ocrx_word' id='word_1_17' title='bbox 258 610 294 663; x_wconf 88' lang='lat' dir='ltr'><strong>ad</strong></span> <span class='ocrx_word' id='word_1_18' title='bbox 310 609 420 662; x_wconf 90' lang='lat' dir='ltr'><strong>landem</strong></span> <span class='ocrx_word' id='word_1_19' title='bbox 429 609 471 662; x_wconf 88' lang='lat' dir='ltr'><strong>sui</strong></span> <span class='ocrx_word' id='word_1_20' title='bbox 484 608 575 662; x_wconf 88' lang='lat' dir='ltr'><strong>sanari</strong></span> <span class='ocrx_word' id='word_1_21' title='bbox 586 608 717 677; x_wconf 80' lang='lat' dir='ltr'><strong>permisit,</strong></span> <span class='ocrx_word' id='word_1_22' title='bbox 726 608 800 660; x_wconf 91' lang='lat' dir='ltr'><strong>bunc</strong></span> <span class='ocrx_word' id='word_1_23' title='bbox 817 607 907 661; x_wconf 90' lang='lat' dir='ltr'><strong>virum</strong></span> <span class='ocrx_word' id='word_1_24' title='bbox 917 607 1025 660; x_wconf 87' lang='lat' dir='ltr'><strong>fidelem</strong></span> <span class='ocrx_word' id='word_1_25' title='bbox 1039 611 1134 660; x_wconf 85' lang='lat' dir='ltr'><strong>sancto</strong></span> <span class='ocrx_word' id='word_1_26' title='bbox 1146 606 1260 660; x_wconf 87' lang='lat' dir='ltr'><strong>brachio</strong></span> <span class='ocrx_word' id='word_1_27' title='bbox 1271 606 1300 659; x_wconf 94' lang='lat' dir='ltr'><strong>in</strong></span> <span class='ocrx_word' id='word_1_28' title='bbox 1310 605 1461 661; x_wconf 71' lang='lat' dir='ltr'><strong>confeoeions</strong></span> 
     </span>
     <span class='ocr_line' id='line_1_4' title="bbox 258 703 1461 776; baseline -0.002 -15"><span class='ocrx_word' id='word_1_29' title='bbox 258 707 301 761; x_wconf 90' lang='lat' dir='ltr'><strong>sui</strong></span> <span class='ocrx_word' id='word_1_30' title='bbox 310 707 430 761; x_wconf 91' lang='lat' dir='ltr'><strong>nominis</strong></span> <span class='ocrx_word' id='word_1_31' title='bbox 442 707 580 776; x_wconf 82' lang='lat' dir='ltr'><strong>lapidibus</strong></span> <span class='ocrx_word' id='word_1_32' title='bbox 591 707 709 761; x_wconf 86' lang='lat' dir='ltr'><strong>contrito</strong></span> <span class='ocrx_word' id='word_1_33' title='bbox 721 706 860 774; x_wconf 90' lang='lat' dir='ltr'><strong>signatum</strong></span> <span class='ocrx_word' id='word_1_34' title='bbox 877 706 912 758; x_wconf 93' lang='lat' dir='ltr'><strong>ad</strong></span> <span class='ocrx_word' id='word_1_35' title='bbox 924 710 1103 775; x_wconf 73' lang='lat' dir='ltr'><strong>augmentum</strong></span> <span class='ocrx_word' id='word_1_36' title='bbox 1122 721 1179 759; x_wconf 79' lang='lat' dir='ltr'><strong>sure</strong></span> <span class='ocrx_word' id='word_1_37' title='bbox 1192 704 1287 773; x_wconf 77' lang='lat' dir='ltr'><strong>glorie</strong></span> <span class='ocrx_word' id='word_1_38' title='bbox 1297 703 1403 758; x_wconf 91' lang='lat' dir='ltr'><strong>liberari</strong></span> <span class='ocrx_word' id='word_1_39' title='bbox 1411 720 1461 759; x_wconf 91' lang='lat' dir='ltr'><strong>con-</strong></span> 
     </span>
     <span class='ocr_line' id='line_1_5' title="bbox 259 804 935 874; baseline -0.003 -15"><span class='ocrx_word' id='word_1_40' title='bbox 259 805 359 859; x_wconf 85' lang='lat' dir='ltr'><strong>stituit:</strong></span> <span class='ocrx_word' id='word_1_41' title='bbox 374 805 417 860; x_wconf 90' lang='lat' dir='ltr'><strong>cui</strong></span> <span class='ocrx_word' id='word_1_42' title='bbox 428 806 488 859; x_wconf 89' lang='lat' dir='ltr'><strong>laus</strong></span> <span class='ocrx_word' id='word_1_43' title='bbox 498 810 526 860; x_wconf 93' lang='lat' dir='ltr'><strong>et</strong></span> <span class='ocrx_word' id='word_1_44' title='bbox 537 805 680 874; x_wconf 89' lang='lat' dir='ltr'><strong>imperium</strong></span> <span class='ocrx_word' id='word_1_45' title='bbox 690 805 718 858; x_wconf 92' lang='lat' dir='ltr'><strong>in</strong></span> <span class='ocrx_word' id='word_1_46' title='bbox 727 805 826 859; x_wconf 90' lang='lat' dir='ltr'><strong>secula.</strong></span> <span class='ocrx_word' id='word_1_47' title='bbox 837 804 935 858; x_wconf 84' lang='lat' dir='ltr'><strong>Arnen.</strong></span> 
     </span>
    </p>
   </div>
   <div class='ocr_carea' id='block_1_3' title="bbox 435 1096 1483 1183">
    <p class='ocr_par' dir='ltr' id='par_1_3' title="bbox 435 1096 1483 1183">
     <span class='ocr_line' id='line_1_6' title="bbox 435 1096 1483 1183; baseline 0.002 -19"><span class='ocrx_word' id='word_1_48' title='bbox 435 1120 473 1164; x_wconf 83' lang='lat' dir='ltr'><strong>na</strong></span> <span class='ocrx_word' id='word_1_49' title='bbox 494 1120 519 1163; x_wconf 92' lang='lat' dir='ltr'><strong>s.</strong></span> <span class='ocrx_word' id='word_1_50' title='bbox 542 1118 689 1163; x_wconf 83' lang='lat' dir='ltr'><strong>connrnro</strong></span> <span class='ocrx_word' id='word_1_51' title='bbox 712 1119 799 1163; x_wconf 75' lang='lat' dir='ltr'><strong>earn.</strong></span> <span class='ocrx_word' id='word_1_52' title='bbox 823 1099 901 1183; x_wconf 84' lang='lat' dir='ltr'><strong>(Cir.</strong></span> <span class='ocrx_word' id='word_1_53' title='bbox 922 1117 1030 1181; x_wconf 90' lang='lat' dir='ltr'><strong>snpra,</strong></span> <span class='ocrx_word' id='word_1_54' title='bbox 1052 1117 1125 1181; x_wconf 84' lang='lat' dir='ltr'><strong>pag.</strong></span> <span class='ocrx_word' id='word_1_55' title='bbox 1146 1098 1196 1176; x_wconf 72' lang='lat' dir='ltr'><strong>rt,</strong></span> <span class='ocrx_word' id='word_1_56' title='bbox 1220 1096 1319 1181; x_wconf 85' lang='lat'>1070.)</span> <span class='ocrx_word' id='word_1_57' title='bbox 1472 1119 1483 1166; x_wconf 89' lang='lat' dir='ltr'><strong>r</strong></span> 
     </span>
    </p>
   </div>
   <div class='ocr_carea' id='block_1_4' title="bbox 456 1300 1288 1372">
    <p class='ocr_par' dir='ltr' id='par_1_4' title="bbox 456 1300 1288 1372">
     <span class='ocr_line' id='line_1_7' title="bbox 456 1300 1288 1372; baseline -0.005 -12"><span class='ocrx_word' id='word_1_58' title='bbox 456 1301 582 1360; x_wconf 83' lang='lat' dir='ltr'><strong>Paesto</strong></span> <span class='ocrx_word' id='word_1_59' title='bbox 603 1301 722 1360; x_wconf 81' lang='lat' dir='ltr'><strong>sancti</strong></span> <span class='ocrx_word' id='word_1_60' title='bbox 743 1301 895 1360; x_wconf 78' lang='lat' dir='ltr'><strong>cornelii</strong></span> <span class='ocrx_word' id='word_1_61' title='bbox 915 1314 1022 1372; x_wconf 80' lang='lat' dir='ltr'><strong>papae</strong></span> <span class='ocrx_word' id='word_1_62' title='bbox 1043 1302 1080 1359; x_wconf 86' lang='lat' dir='ltr'><strong>et</strong></span> <span class='ocrx_word' id='word_1_63' title='bbox 1099 1300 1288 1372; x_wconf 77' lang='lat' dir='ltr'><strong>martyris.</strong></span> 
     </span>
    </p>
   </div>
   <div class='ocr_carea' id='block_1_5' title="bbox 260 1507 1499 2165">
    <p class='ocr_par' dir='ltr' id='par_1_5' title="bbox 260 1507 1499 2165">
     <span class='ocr_line' id='line_1_8' title="bbox 305 1507 1465 1579; baseline -0.001 -14"><span class='ocrx_word' id='word_1_64' title='bbox 305 1511 337 1567; x_wconf 89' lang='lat'><strong>1.</strong></span> <span class='ocrx_word' id='word_1_65' title='bbox 360 1511 439 1566; x_wconf 85' lang='lat' dir='ltr'><strong>Clara</strong></span> <span class='ocrx_word' id='word_1_66' title='bbox 450 1509 600 1564; x_wconf 74' lang='lat' dir='ltr'><strong>nobilitatis</strong></span> <span class='ocrx_word' id='word_1_67' title='bbox 615 1509 741 1578; x_wconf 89' lang='lat' dir='ltr'><strong>lampade</strong></span> <span class='ocrx_word' id='word_1_68' title='bbox 751 1509 900 1576; x_wconf 87' lang='lat' dir='ltr'><strong>antiquitus</strong></span> <span class='ocrx_word' id='word_1_69' title='bbox 908 1507 1052 1562; x_wconf 90' lang='lat' dir='ltr'><strong>illustravit</strong></span> <span class='ocrx_word' id='word_1_70' title='bbox 1062 1507 1180 1562; x_wconf 82' lang='lat' dir='ltr'><strong>Romam</strong></span> <span class='ocrx_word' id='word_1_71' title='bbox 1198 1508 1403 1563; x_wconf 83' lang='lat' dir='ltr'><strong>Adamanorum</strong></span> <span class='ocrx_word' id='word_1_72' title='bbox 1417 1526 1465 1579; x_wconf 81' lang='lat' dir='ltr'><strong>pro</strong></span> 
     </span>
     <span class='ocr_line' id='line_1_9' title="bbox 261 1603 1465 1676; baseline -0.001 -16"><span class='ocrx_word' id='word_1_73' title='bbox 261 1607 346 1676; x_wconf 89' lang='lat' dir='ltr'><strong>sapia,</strong></span> <span class='ocrx_word' id='word_1_74' title='bbox 358 1607 392 1660; x_wconf 89' lang='lat' dir='ltr'><strong>de</strong></span> <span class='ocrx_word' id='word_1_75' title='bbox 410 1606 488 1673; x_wconf 86' lang='lat' dir='ltr'><strong>cujus</strong></span> <span class='ocrx_word' id='word_1_76' title='bbox 510 1604 573 1657; x_wconf 87' lang='lat' dir='ltr'><strong>filiis</strong></span> <span class='ocrx_word' id='word_1_77' title='bbox 584 1604 663 1673; x_wconf 89' lang='lat' dir='ltr'><strong>quasi</strong></span> <span class='ocrx_word' id='word_1_78' title='bbox 684 1604 849 1657; x_wconf 89' lang='lat' dir='ltr'><strong>hereditario</strong></span> <span class='ocrx_word' id='word_1_79' title='bbox 868 1604 929 1670; x_wconf 88' lang='lat' dir='ltr'><strong>jure</strong></span> <span class='ocrx_word' id='word_1_80' title='bbox 941 1603 1103 1657; x_wconf 89' lang='lat' dir='ltr'><strong>nobilissimi</strong></span> <span class='ocrx_word' id='word_1_81' title='bbox 1124 1608 1245 1658; x_wconf 85' lang='lat' dir='ltr'><strong>rectores</strong></span> <span class='ocrx_word' id='word_1_82' title='bbox 1264 1604 1427 1675; x_wconf 72' lang='lat' dir='ltr'><strong>eligebantur</strong></span> <span class='ocrx_word' id='word_1_83' title='bbox 1439 1606 1465 1659; x_wconf 82' lang='lat' dir='ltr'><strong>ul</strong></span> 
     </span>
     <span class='ocr_line' id='line_1_10' title="bbox 261 1702 1467 1775; baseline -0.001 -16"><span class='ocrx_word' id='word_1_84' title='bbox 261 1704 499 1775; x_wconf 76' lang='lat' dir='ltr'><strong>apostolicaesedis</strong></span> <span class='ocrx_word' id='word_1_85' title='bbox 519 1702 709 1772; x_wconf 87' lang='lat' dir='ltr'><strong>gubernacula.</strong></span> <span class='ocrx_word' id='word_1_86' title='bbox 722 1703 761 1755; x_wconf 81' lang='lat' dir='ltr'><strong>Ex</strong></span> <span class='ocrx_word' id='word_1_87' title='bbox 778 1703 831 1756; x_wconf 91' lang='lat' dir='ltr'><strong>hac</strong></span> <span class='ocrx_word' id='word_1_88' title='bbox 846 1702 981 1771; x_wconf 87' lang='lat' dir='ltr'><strong>gloriosus</strong></span> <span class='ocrx_word' id='word_1_89' title='bbox 999 1702 1122 1771; x_wconf 82' lang='lat' dir='ltr'><strong>pontifex</strong></span> <span class='ocrx_word' id='word_1_90' title='bbox 1144 1702 1307 1769; x_wconf 88' lang='lat' dir='ltr'><strong>Dalmatius,</strong></span> <span class='ocrx_word' id='word_1_91' title='bbox 1326 1704 1467 1759; x_wconf 84' lang='lat' dir='ltr'><strong>exhacfuil</strong></span> 
     </span>
     <span class='ocr_line' id='line_1_11' title="bbox 261 1801 1499 1872; baseline 0 -14"><span class='ocrx_word' id='word_1_92' title='bbox 261 1804 392 1858; x_wconf 87' lang='lat' dir='ltr'><strong>oriundus</strong></span> <span class='ocrx_word' id='word_1_93' title='bbox 412 1803 490 1871; x_wconf 89' lang='lat' dir='ltr'><strong>cujus</strong></span> <span class='ocrx_word' id='word_1_94' title='bbox 508 1802 591 1856; x_wconf 88' lang='lat' dir='ltr'><strong>hodie</strong></span> <span class='ocrx_word' id='word_1_95' title='bbox 612 1802 773 1870; x_wconf 76' lang='lat' dir='ltr'><strong>martyrium</strong></span> <span class='ocrx_word' id='word_1_96' title='bbox 795 1801 973 1865; x_wconf 84' lang='lat' dir='ltr'><strong>celebramus,</strong></span> <span class='ocrx_word' id='word_1_97' title='bbox 994 1802 1155 1856; x_wconf 88' lang='lat' dir='ltr'><strong>venerabilis</strong></span> <span class='ocrx_word' id='word_1_98' title='bbox 1174 1819 1246 1872; x_wconf 87' lang='lat' dir='ltr'><strong>papa</strong></span> <span class='ocrx_word' id='word_1_99' title='bbox 1268 1802 1414 1858; x_wconf 83' lang='lat' dir='ltr'><strong>Cornelius</strong></span> <span class='ocrx_word' id='word_1_100' title='bbox 1428 1803 1499 1858; x_wconf 70' lang='lat' dir='ltr'><strong>llicit</strong></span> 
     </span>
     <span class='ocr_line' id='line_1_12' title="bbox 261 1899 1468 1971; baseline -0.001 -15"><span class='ocrx_word' id='word_1_101' title='bbox 261 1903 341 1971; x_wconf 90' lang='lat' dir='ltr'><strong>igitur</strong></span> <span class='ocrx_word' id='word_1_102' title='bbox 358 1902 500 1970; x_wconf 88' lang='lat' dir='ltr'><strong>utriusque</strong></span> <span class='ocrx_word' id='word_1_103' title='bbox 515 1900 636 1970; x_wconf 88' lang='lat' dir='ltr'><strong>parentis</strong></span> <span class='ocrx_word' id='word_1_104' title='bbox 647 1899 732 1953; x_wconf 91' lang='lat' dir='ltr'><strong>nobili</strong></span> <span class='ocrx_word' id='word_1_105' title='bbox 749 1905 860 1953; x_wconf 87' lang='lat' dir='ltr'><strong>exortus</strong></span> <span class='ocrx_word' id='word_1_106' title='bbox 871 1900 1068 1969; x_wconf 85' lang='lat' dir='ltr'><strong>procreatione,</strong></span> <span class='ocrx_word' id='word_1_107' title='bbox 1080 1900 1207 1954; x_wconf 80' lang='lat' dir='ltr'><strong>nobiliori</strong></span> <span class='ocrx_word' id='word_1_108' title='bbox 1227 1916 1307 1970; x_wconf 74' lang='lat' dir='ltr'><strong>aquae</strong></span> <span class='ocrx_word' id='word_1_109' title='bbox 1330 1906 1358 1955; x_wconf 93' lang='lat' dir='ltr'><strong>et</strong></span> <span class='ocrx_word' id='word_1_110' title='bbox 1372 1901 1468 1971; x_wconf 85' lang='lat' dir='ltr'><strong>Spiritus</strong></span> 
     </span>
     <span class='ocr_line' id='line_1_13' title="bbox 260 1995 1469 2067; baseline 0 -14"><span class='ocrx_word' id='word_1_111' title='bbox 260 1999 402 2053; x_wconf 84' lang='lat' dir='ltr'><strong>nativitate</strong></span> <span class='ocrx_word' id='word_1_112' title='bbox 412 1998 559 2066; x_wconf 87' lang='lat' dir='ltr'><strong>adoptatus</strong></span> <span class='ocrx_word' id='word_1_113' title='bbox 570 2001 612 2050; x_wconf 94' lang='lat' dir='ltr'><strong>est</strong></span> <span class='ocrx_word' id='word_1_114' title='bbox 623 1996 695 2049; x_wconf 86' lang='lat' dir='ltr'><strong>lilius</strong></span> <span class='ocrx_word' id='word_1_115' title='bbox 705 2001 806 2049; x_wconf 70' lang='lat' dir='ltr'><strong>sanctae</strong></span> <span class='ocrx_word' id='word_1_116' title='bbox 824 1996 873 2049; x_wconf 90' lang='lat' dir='ltr'><strong>Dei</strong></span> <span class='ocrx_word' id='word_1_117' title='bbox 886 1996 1013 2049; x_wconf 78' lang='lat' dir='ltr'><strong>ecclesia.</strong></span> <span class='ocrx_word' id='word_1_118' title='bbox 1026 1995 1078 2062; x_wconf 87' lang='lat' dir='ltr'><strong>Qui</strong></span> <span class='ocrx_word' id='word_1_119' title='bbox 1090 2001 1210 2065; x_wconf 77' lang='lat' dir='ltr'><strong>patema</strong></span> <span class='ocrx_word' id='word_1_120' title='bbox 1225 2001 1409 2067; x_wconf 70' lang='lat' dir='ltr'><strong>maternaeque</strong></span> <span class='ocrx_word' id='word_1_121' title='bbox 1418 1998 1469 2053; x_wconf 58' lang='lat' dir='ltr'><strong>dite</strong></span> 
     </span>
     <span class='ocr_line' id='line_1_14' title="bbox 261 2094 1471 2165; baseline 0 -15"><span class='ocrx_word' id='word_1_122' title='bbox 261 2097 358 2150; x_wconf 89' lang='lat' dir='ltr'><strong>ctionis</strong></span> <span class='ocrx_word' id='word_1_123' title='bbox 367 2095 488 2165; x_wconf 82' lang='lat' dir='ltr'><strong>diligenti</strong></span> <span class='ocrx_word' id='word_1_124' title='bbox 504 2111 569 2147; x_wconf 90' lang='lat' dir='ltr'><strong>cura</strong></span> <span class='ocrx_word' id='word_1_125' title='bbox 578 2094 706 2148; x_wconf 91' lang='lat' dir='ltr'><strong>nobiliter</strong></span> <span class='ocrx_word' id='word_1_126' title='bbox 714 2095 852 2159; x_wconf 87' lang='lat' dir='ltr'><strong>educatus,</strong></span> <span class='ocrx_word' id='word_1_127' title='bbox 861 2111 923 2147; x_wconf 88' lang='lat' dir='ltr'><strong>cnm</strong></span> <span class='ocrx_word' id='word_1_128' title='bbox 939 2094 1068 2162; x_wconf 87' lang='lat' dir='ltr'><strong>juvenilis</strong></span> <span class='ocrx_word' id='word_1_129' title='bbox 1079 2094 1188 2148; x_wconf 89' lang='lat' dir='ltr'><strong>animus</strong></span> <span class='ocrx_word' id='word_1_130' title='bbox 1199 2095 1227 2148; x_wconf 92' lang='lat' dir='ltr'><strong>in</strong></span> <span class='ocrx_word' id='word_1_131' title='bbox 1249 2094 1338 2149; x_wconf 81' lang='lat' dir='ltr'><strong>virilis</strong></span> <span class='ocrx_word' id='word_1_132' title='bbox 1348 2101 1471 2165; x_wconf 83' lang='lat' dir='ltr'><strong>raperetur</strong></span> 
     </span>
    </p>
   </div>
   <div class='ocr_carea' id='block_1_6' title="bbox 153 2192 1471 2264">
    <p class='ocr_par' dir='ltr' id='par_1_6' title="bbox 153 2192 1471 2264">
     <span class='ocr_line' id='line_1_15' title="bbox 153 2192 1471 2264; baseline 0.001 -16"><span class='ocrx_word' id='word_1_133' title='bbox 153 2223 157 2231; x_wconf 93' lang='lat'>·</span> <span class='ocrx_word' id='word_1_134' title='bbox 261 2194 465 2263; x_wconf 83' lang='lat' dir='ltr'><strong>intelligentiam</strong></span> <span class='ocrx_word' id='word_1_135' title='bbox 480 2210 585 2257; x_wconf 86' lang='lat' dir='ltr'><strong>sensus,</strong></span> <span class='ocrx_word' id='word_1_136' title='bbox 599 2193 746 2262; x_wconf 91' lang='lat' dir='ltr'><strong>spiritualis</strong></span> <span class='ocrx_word' id='word_1_137' title='bbox 758 2192 908 2246; x_wconf 86' lang='lat' dir='ltr'><strong>collocatur</strong></span> <span class='ocrx_word' id='word_1_138' title='bbox 919 2193 947 2246; x_wconf 92' lang='lat' dir='ltr'><strong>in</strong></span> <span class='ocrx_word' id='word_1_139' title='bbox 964 2193 1067 2262; x_wconf 92' lang='lat' dir='ltr'><strong>gremio</strong></span> <span class='ocrx_word' id='word_1_140' title='bbox 1079 2193 1183 2260; x_wconf 88' lang='lat' dir='ltr'><strong>matris,</strong></span> <span class='ocrx_word' id='word_1_141' title='bbox 1194 2198 1353 2248; x_wconf 86' lang='lat' dir='ltr'><strong>sanctarum</strong></span> <span class='ocrx_word' id='word_1_142' title='bbox 1371 2194 1471 2264; x_wconf 77' lang='lat' dir='ltr'><strong>Scripta</strong></span> 
     </span>
    </p>
   </div>
   <div class='ocr_carea' id='block_1_7' title="bbox 257 2290 1511 4710">
    <p class='ocr_par' dir='ltr' id='par_1_7' title="bbox 260 2290 1505 2755">
     <span class='ocr_line' id='line_1_16' title="bbox 260 2290 1505 2362; baseline 0.002 -17"><span class='ocrx_word' id='word_1_143' title='bbox 260 2308 352 2346; x_wconf 90' lang='lat' dir='ltr'><strong>rarum</strong></span> <span class='ocrx_word' id='word_1_144' title='bbox 365 2292 525 2347; x_wconf 91' lang='lat' dir='ltr'><strong>nutriendus</strong></span> <span class='ocrx_word' id='word_1_145' title='bbox 539 2291 684 2345; x_wconf 87' lang='lat' dir='ltr'><strong>alimentis.</strong></span> <span class='ocrx_word' id='word_1_146' title='bbox 696 2291 884 2345; x_wconf 81' lang='lat' dir='ltr'><strong>Eruditoribus</strong></span> <span class='ocrx_word' id='word_1_147' title='bbox 895 2307 959 2360; x_wconf 90' lang='lat' dir='ltr'><strong>ergo</strong></span> <span class='ocrx_word' id='word_1_148' title='bbox 971 2290 1111 2345; x_wconf 88' lang='lat' dir='ltr'><strong>christiani</strong></span> <span class='ocrx_word' id='word_1_149' title='bbox 1120 2291 1255 2360; x_wconf 77' lang='lat' dir='ltr'><strong>dogmatis</strong></span> <span class='ocrx_word' id='word_1_150' title='bbox 1271 2291 1406 2347; x_wconf 88' lang='lat' dir='ltr'><strong>humilem</strong></span> <span class='ocrx_word' id='word_1_151' title='bbox 1424 2291 1472 2362; x_wconf 83' lang='lat' dir='ltr'><strong>pivs</strong></span> <span class='ocrx_word' id='word_1_152' title='bbox 1483 2291 1505 2340; x_wconf 78' lang='lat' dir='ltr'><strong>ll</strong></span> 
     </span>
     <span class='ocr_line' id='line_1_17' title="bbox 260 2390 1472 2460; baseline 0.002 -16"><span class='ocrx_word' id='word_1_153' title='bbox 260 2390 369 2444; x_wconf 85' lang='lat' dir='ltr'><strong>auditor</strong></span> <span class='ocrx_word' id='word_1_154' title='bbox 380 2391 506 2444; x_wconf 90' lang='lat' dir='ltr'><strong>auditum</strong></span> <span class='ocrx_word' id='word_1_155' title='bbox 520 2391 653 2460; x_wconf 73' lang='lat' dir='ltr'><strong>praebuit3</strong></span> <span class='ocrx_word' id='word_1_156' title='bbox 671 2390 758 2444; x_wconf 93' lang='lat' dir='ltr'><strong>donec</strong></span> <span class='ocrx_word' id='word_1_157' title='bbox 771 2390 924 2443; x_wconf 88' lang='lat' dir='ltr'><strong>divinarum</strong></span> <span class='ocrx_word' id='word_1_158' title='bbox 948 2394 977 2444; x_wconf 89' lang='lat' dir='ltr'><strong>et</strong></span> <span class='ocrx_word' id='word_1_159' title='bbox 994 2390 1178 2445; x_wconf 90' lang='lat' dir='ltr'><strong>humanarum</strong></span> <span class='ocrx_word' id='word_1_160' title='bbox 1201 2390 1318 2445; x_wconf 90' lang='lat' dir='ltr'><strong>scientia</strong></span> <span class='ocrx_word' id='word_1_161' title='bbox 1336 2390 1472 2446; x_wconf 88' lang='lat' dir='ltr'><strong>litterarnn</strong></span> 
     </span>
     <span class='ocr_line' id='line_1_18' title="bbox 261 2488 1474 2557; baseline 0.002 -15"><span class='ocrx_word' id='word_1_162' title='bbox 261 2489 357 2543; x_wconf 88' lang='lat' dir='ltr'><strong>doctor</strong></span> <span class='ocrx_word' id='word_1_163' title='bbox 369 2490 513 2543; x_wconf 88' lang='lat' dir='ltr'><strong>doctorum</strong></span> <span class='ocrx_word' id='word_1_164' title='bbox 525 2488 724 2543; x_wconf 87' lang='lat' dir='ltr'><strong>eruditissimus</strong></span> <span class='ocrx_word' id='word_1_165' title='bbox 734 2488 837 2542; x_wconf 85' lang='lat' dir='ltr'><strong>claruit</strong></span> <span class='ocrx_word' id='word_1_166' title='bbox 849 2488 926 2542; x_wconf 82' lang='lat' dir='ltr'><strong>Adeo</strong></span> <span class='ocrx_word' id='word_1_167' title='bbox 938 2488 1011 2542; x_wconf 84' lang='lat' dir='ltr'><strong>eninr</strong></span> <span class='ocrx_word' id='word_1_168' title='bbox 1022 2505 1069 2542; x_wconf 90' lang='lat' dir='ltr'><strong>cor</strong></span> <span class='ocrx_word' id='word_1_169' title='bbox 1080 2489 1138 2556; x_wconf 89' lang='lat' dir='ltr'><strong>ejus</strong></span> <span class='ocrx_word' id='word_1_170' title='bbox 1149 2488 1269 2557; x_wconf 85' lang='lat' dir='ltr'><strong>respexit</strong></span> <span class='ocrx_word' id='word_1_171' title='bbox 1285 2494 1382 2545; x_wconf 91' lang='lat' dir='ltr'><strong>auctor</strong></span> <span class='ocrx_word' id='word_1_172' title='bbox 1389 2490 1474 2545; x_wconf 82' lang='lat' dir='ltr'><strong>divine</strong></span> 
     </span>
     <span class='ocr_line' id='line_1_19' title="bbox 260 2586 1475 2658; baseline 0.003 -18"><span class='ocrx_word' id='word_1_173' title='bbox 260 2587 353 2656; x_wconf 75' lang='lat' dir='ltr'><strong>gratiae</strong></span> <span class='ocrx_word' id='word_1_174' title='bbox 365 2587 551 2656; x_wconf 89' lang='lat' dir='ltr'><strong>inspirationis</strong></span> <span class='ocrx_word' id='word_1_175' title='bbox 559 2592 590 2641; x_wconf 91' lang='lat' dir='ltr'><strong>ut</strong></span> <span class='ocrx_word' id='word_1_176' title='bbox 602 2587 764 2641; x_wconf 88' lang='lat' dir='ltr'><strong>meritorum</strong></span> <span class='ocrx_word' id='word_1_177' title='bbox 773 2587 873 2640; x_wconf 89' lang='lat' dir='ltr'><strong>virtute</strong></span> <span class='ocrx_word' id='word_1_178' title='bbox 886 2586 1076 2641; x_wconf 84' lang='lat' dir='ltr'><strong>etchristianae</strong></span> <span class='ocrx_word' id='word_1_179' title='bbox 1084 2587 1150 2656; x_wconf 92' lang='lat' dir='ltr'><strong>legis</strong></span> <span class='ocrx_word' id='word_1_180' title='bbox 1160 2587 1326 2642; x_wconf 86' lang='lat' dir='ltr'><strong>auctoritate</strong></span> <span class='ocrx_word' id='word_1_181' title='bbox 1335 2605 1384 2658; x_wconf 94' lang='lat' dir='ltr'><strong>per</strong></span> <span class='ocrx_word' id='word_1_182' title='bbox 1392 2603 1475 2644; x_wconf 74' lang='lat' dir='ltr'><strong>omnes</strong></span> 
     </span>
     <span class='ocr_line' id='line_1_20' title="bbox 261 2684 836 2755; baseline 0.002 -18"><span class='ocrx_word' id='word_1_183' title='bbox 261 2684 423 2738; x_wconf 84' lang='lat' dir='ltr'><strong>ascenderet</strong></span> <span class='ocrx_word' id='word_1_184' title='bbox 433 2685 608 2740; x_wconf 87' lang='lat' dir='ltr'><strong>ecclesiastici</strong></span> <span class='ocrx_word' id='word_1_185' title='bbox 617 2686 717 2755; x_wconf 75' lang='lat' dir='ltr'><strong>gradum</strong></span> <span class='ocrx_word' id='word_1_186' title='bbox 726 2684 836 2739; x_wconf 90' lang='lat' dir='ltr'><strong>ordinis.</strong></span> 
     </span>
    </p>

    <p class='ocr_par' dir='ltr' id='par_1_8' title="bbox 260 2779 1511 3535">
     <span class='ocr_line' id='line_1_21' title="bbox 302 2779 1510 2853; baseline 0.002 -15"><span class='ocrx_word' id='word_1_187' title='bbox 302 2779 336 2838; x_wconf 79' lang='grc'><strong>2.</strong></span> <span class='ocrx_word' id='word_1_188' title='bbox 354 2781 431 2835; x_wconf 90' lang='lat' dir='ltr'><strong>Tunc</strong></span> <span class='ocrx_word' id='word_1_189' title='bbox 449 2783 579 2851; x_wconf 92' lang='lat' dir='ltr'><strong>temporis</strong></span> <span class='ocrx_word' id='word_1_190' title='bbox 599 2783 745 2852; x_wconf 86' lang='lat' dir='ltr'><strong>permulta</strong></span> <span class='ocrx_word' id='word_1_191' title='bbox 764 2787 964 2836; x_wconf 89' lang='lat' dir='ltr'><strong>tormentorum</strong></span> <span class='ocrx_word' id='word_1_192' title='bbox 976 2798 1077 2852; x_wconf 88' lang='lat' dir='ltr'><strong>genera</strong></span> <span class='ocrx_word' id='word_1_193' title='bbox 1094 2783 1217 2852; x_wconf 82' lang='lat' dir='ltr'><strong>martyrii</strong></span> <span class='ocrx_word' id='word_1_194' title='bbox 1237 2784 1360 2853; x_wconf 85' lang='lat' dir='ltr'><strong>palmam</strong></span> <span class='ocrx_word' id='word_1_195' title='bbox 1372 2783 1477 2839; x_wconf 85' lang='lat' dir='ltr'><strong>obtinuit</strong></span> <span class='ocrx_word' id='word_1_196' title='bbox 1487 2782 1510 2832; x_wconf 71' lang='lat'><strong>2⁰</strong></span> 
     </span>
     <span class='ocr_line' id='line_1_22' title="bbox 260 2879 1477 2952; baseline 0 -18"><span class='ocrx_word' id='word_1_197' title='bbox 260 2879 442 2934; x_wconf 88' lang='lat' dir='ltr'><strong>sacerdotalis</strong></span> <span class='ocrx_word' id='word_1_198' title='bbox 451 2879 494 2932; x_wconf 89' lang='lat' dir='ltr'><strong>vir</strong></span> <span class='ocrx_word' id='word_1_199' title='bbox 503 2879 647 2944; x_wconf 85' lang='lat' dir='ltr'><strong>Fabianus,</strong></span> <span class='ocrx_word' id='word_1_200' title='bbox 656 2879 704 2947; x_wconf 91' lang='lat' dir='ltr'><strong>qui</strong></span> <span class='ocrx_word' id='word_1_201' title='bbox 714 2879 847 2932; x_wconf 73' lang='lat' dir='ltr'><strong>Romanae</strong></span> <span class='ocrx_word' id='word_1_202' title='bbox 859 2879 1014 2934; x_wconf 86' lang='lat' dir='ltr'><strong>naviculam</strong></span> <span class='ocrx_word' id='word_1_203' title='bbox 1026 2879 1147 2934; x_wconf 71' lang='lat' dir='ltr'><strong>ecclesiae</strong></span> <span class='ocrx_word' id='word_1_204' title='bbox 1158 2880 1229 2934; x_wconf 90' lang='lat' dir='ltr'><strong>inter</strong></span> <span class='ocrx_word' id='word_1_205' title='bbox 1241 2880 1359 2935; x_wconf 89' lang='lat' dir='ltr'><strong>furentis</strong></span> <span class='ocrx_word' id='word_1_206' title='bbox 1370 2880 1477 2952; x_wconf 81' lang='lat' dir='ltr'><strong>perfidie</strong></span> 
     </span>
     <span class='ocr_line' id='line_1_23' title="bbox 260 2976 1478 3047; baseline 0.001 -16"><span class='ocrx_word' id='word_1_207' title='bbox 260 2976 392 3046; x_wconf 85' lang='lat' dir='ltr'><strong>procellas</strong></span> <span class='ocrx_word' id='word_1_208' title='bbox 404 2981 465 3045; x_wconf 91' lang='lat' dir='ltr'><strong>post</strong></span> <span class='ocrx_word' id='word_1_209' title='bbox 479 2977 591 3030; x_wconf 88' lang='lat' dir='ltr'><strong>beatum</strong></span> <span class='ocrx_word' id='word_1_210' title='bbox 601 2977 713 3031; x_wconf 91' lang='lat' dir='ltr'><strong>Petrum</strong></span> <span class='ocrx_word' id='word_1_211' title='bbox 725 2977 795 3031; x_wconf 84' lang='lat' dir='ltr'><strong>rexit</strong></span> <span class='ocrx_word' id='word_1_212' title='bbox 803 2978 950 3047; x_wconf 79' lang='lat' dir='ltr'><strong>vigesimus</strong></span> <span class='ocrx_word' id='word_1_213' title='bbox 958 2978 1069 3047; x_wconf 90' lang='lat' dir='ltr'><strong>primus.</strong></span> <span class='ocrx_word' id='word_1_214' title='bbox 1087 2978 1209 3045; x_wconf 87' lang='lat' dir='ltr'><strong>Quatuor</strong></span> <span class='ocrx_word' id='word_1_215' title='bbox 1226 2983 1320 3032; x_wconf 90' lang='lat' dir='ltr'><strong>autern</strong></span> <span class='ocrx_word' id='word_1_216' title='bbox 1333 2978 1478 3033; x_wconf 74' lang='lat' dir='ltr'><strong>diesvace·</strong></span> 
     </span>
     <span class='ocr_line' id='line_1_24' title="bbox 261 3074 1479 3145; baseline 0.001 -17"><span class='ocrx_word' id='word_1_217' title='bbox 261 3075 301 3129; x_wconf 92' lang='lat' dir='ltr'><strong>vit</strong></span> <span class='ocrx_word' id='word_1_218' title='bbox 312 3074 442 3128; x_wconf 89' lang='lat' dir='ltr'><strong>cathedra</strong></span> <span class='ocrx_word' id='word_1_219' title='bbox 460 3075 629 3143; x_wconf 90' lang='lat' dir='ltr'><strong>pontificalis.</strong></span> <span class='ocrx_word' id='word_1_220' title='bbox 647 3077 678 3128; x_wconf 93' lang='lat' dir='ltr'><strong>ln</strong></span> <span class='ocrx_word' id='word_1_221' title='bbox 690 3077 767 3144; x_wconf 87' lang='lat' dir='ltr'><strong>cujus</strong></span> <span class='ocrx_word' id='word_1_222' title='bbox 787 3075 921 3129; x_wconf 90' lang='lat' dir='ltr'><strong>intervalli</strong></span> <span class='ocrx_word' id='word_1_223' title='bbox 938 3077 1025 3145; x_wconf 89' lang='lat' dir='ltr'><strong>spatio</strong></span> <span class='ocrx_word' id='word_1_224' title='bbox 1039 3077 1181 3130; x_wconf 89' lang='lat' dir='ltr'><strong>Cornelius</strong></span> <span class='ocrx_word' id='word_1_225' title='bbox 1203 3076 1374 3131; x_wconf 89' lang='lat' dir='ltr'><strong>acclamatur</strong></span> <span class='ocrx_word' id='word_1_226' title='bbox 1391 3076 1479 3145; x_wconf 90' lang='lat' dir='ltr'><strong>dignus</strong></span> 
     </span>
     <span class='ocr_line' id='line_1_25' title="bbox 260 3171 1479 3244; baseline 0.002 -20"><span class='ocrx_word' id='word_1_227' title='bbox 260 3171 403 3239; x_wconf 89' lang='lat' dir='ltr'><strong>apostolici</strong></span> <span class='ocrx_word' id='word_1_228' title='bbox 411 3172 535 3225; x_wconf 76' lang='lat' dir='ltr'><strong>honoris,</strong></span> <span class='ocrx_word' id='word_1_229' title='bbox 548 3173 620 3242; x_wconf 80' lang='lat' dir='ltr'><strong>Ergo</strong></span> <span class='ocrx_word' id='word_1_230' title='bbox 630 3179 767 3227; x_wconf 88' lang='lat' dir='ltr'><strong>annuente</strong></span> <span class='ocrx_word' id='word_1_231' title='bbox 779 3174 920 3242; x_wconf 90' lang='lat' dir='ltr'><strong>utriusque</strong></span> <span class='ocrx_word' id='word_1_232' title='bbox 932 3191 1013 3228; x_wconf 87' lang='lat' dir='ltr'><strong>sexus</strong></span> <span class='ocrx_word' id='word_1_233' title='bbox 1028 3174 1115 3244; x_wconf 90' lang='lat' dir='ltr'><strong>plebe,</strong></span> <span class='ocrx_word' id='word_1_234' title='bbox 1126 3175 1247 3228; x_wconf 81' lang='lat' dir='ltr'><strong>maxime</strong></span> <span class='ocrx_word' id='word_1_235' title='bbox 1264 3179 1357 3229; x_wconf 87' lang='lat' dir='ltr'><strong>autern</strong></span> <span class='ocrx_word' id='word_1_236' title='bbox 1378 3174 1479 3229; x_wconf 87' lang='lat' dir='ltr'><strong>clerico·</strong></span> 
     </span>
     <span class='ocr_line' id='line_1_26' title="bbox 260 3268 1511 3341; baseline 0.002 -21"><span class='ocrx_word' id='word_1_237' title='bbox 260 3283 321 3320; x_wconf 91' lang='lat' dir='ltr'><strong>rum</strong></span> <span class='ocrx_word' id='word_1_238' title='bbox 331 3268 434 3332; x_wconf 89' lang='lat' dir='ltr'><strong>ordine,</strong></span> <span class='ocrx_word' id='word_1_239' title='bbox 447 3285 589 3323; x_wconf 89' lang='lat' dir='ltr'><strong>successor</strong></span> <span class='ocrx_word' id='word_1_240' title='bbox 601 3270 743 3324; x_wconf 90' lang='lat' dir='ltr'><strong>ordinatur</strong></span> <span class='ocrx_word' id='word_1_241' title='bbox 759 3271 922 3340; x_wconf 89' lang='lat' dir='ltr'><strong>pontificalis</strong></span> <span class='ocrx_word' id='word_1_242' title='bbox 932 3271 1047 3325; x_wconf 80' lang='lat' dir='ltr'><strong>vicariae.</strong></span> <span class='ocrx_word' id='word_1_243' title='bbox 1059 3272 1185 3325; x_wconf 83' lang='lat' dir='ltr'><strong>Pontifex</strong></span> <span class='ocrx_word' id='word_1_244' title='bbox 1197 3287 1262 3341; x_wconf 87' lang='lat' dir='ltr'><strong>ergo</strong></span> <span class='ocrx_word' id='word_1_245' title='bbox 1280 3288 1298 3325; x_wconf 88' lang='lat' dir='ltr'><strong>a</strong></span> <span class='ocrx_word' id='word_1_246' title='bbox 1323 3273 1381 3327; x_wconf 89' lang='lat' dir='ltr'><strong>Deo</strong></span> <span class='ocrx_word' id='word_1_247' title='bbox 1394 3272 1511 3335; x_wconf 78' lang='lat' dir='ltr'><strong>factust!</strong></span> 
     </span>
     <span class='ocr_line' id='line_1_27' title="bbox 260 3364 1481 3440; baseline 0.002 -21"><span class='ocrx_word' id='word_1_248' title='bbox 260 3364 325 3419; x_wconf 87' lang='lat' dir='ltr'><strong>boni</strong></span> <span class='ocrx_word' id='word_1_249' title='bbox 335 3368 450 3434; x_wconf 89' lang='lat' dir='ltr'><strong>pastoris</strong></span> <span class='ocrx_word' id='word_1_250' title='bbox 460 3367 519 3421; x_wconf 91' lang='lat' dir='ltr'><strong>vice</strong></span> <span class='ocrx_word' id='word_1_251' title='bbox 531 3368 709 3422; x_wconf 86' lang='lat' dir='ltr'><strong>commissum</strong></span> <span class='ocrx_word' id='word_1_252' title='bbox 722 3368 792 3422; x_wconf 83' lang='lat' dir='ltr'><strong>rexit</strong></span> <span class='ocrx_word' id='word_1_253' title='bbox 803 3369 883 3433; x_wconf 90' lang='lat' dir='ltr'><strong>ovile,</strong></span> <span class='ocrx_word' id='word_1_254' title='bbox 896 3374 924 3423; x_wconf 91' lang='lat' dir='ltr'><strong>et</strong></span> <span class='ocrx_word' id='word_1_255' title='bbox 935 3386 990 3423; x_wconf 91' lang='lat' dir='ltr'><strong>non</strong></span> <span class='ocrx_word' id='word_1_256' title='bbox 1006 3370 1064 3423; x_wconf 90' lang='lat' dir='ltr'><strong>sine</strong></span> <span class='ocrx_word' id='word_1_257' title='bbox 1082 3370 1202 3440; x_wconf 87' lang='lat' dir='ltr'><strong>periculo</strong></span> <span class='ocrx_word' id='word_1_258' title='bbox 1220 3369 1263 3424; x_wconf 88' lang='lat' dir='ltr'><strong>sui</strong></span> <span class='ocrx_word' id='word_1_259' title='bbox 1286 3387 1360 3440; x_wconf 86' lang='lat' dir='ltr'><strong>saepe</strong></span> <span class='ocrx_word' id='word_1_260' title='bbox 1377 3369 1481 3424; x_wconf 86' lang='lat' dir='ltr'><strong>incurrit</strong></span> 
     </span>
     <span class='ocr_line' id='line_1_28' title="bbox 260 3463 660 3535; baseline 0.005 -19"><span class='ocrx_word' id='word_1_261' title='bbox 260 3463 408 3518; x_wconf 88' lang='lat' dir='ltr'><strong>laniatores</strong></span> <span class='ocrx_word' id='word_1_262' title='bbox 421 3465 509 3535; x_wconf 88' lang='lat' dir='ltr'><strong>gregis</strong></span> <span class='ocrx_word' id='word_1_263' title='bbox 517 3466 660 3520; x_wconf 90' lang='lat' dir='ltr'><strong>Dominici.</strong></span> 
     </span>
    </p>

    <p class='ocr_par' dir='ltr' id='par_1_9' title="bbox 257 3558 1511 4710">
     <span class='ocr_line' id='line_1_29' title="bbox 300 3558 1483 3630; baseline 0.002 -14"><span class='ocrx_word' id='word_1_264' title='bbox 300 3558 334 3616; x_wconf 88' lang='lat'><strong>3.</strong></span> <span class='ocrx_word' id='word_1_265' title='bbox 352 3560 531 3630; x_wconf 88' lang='lat' dir='ltr'><strong>Episcopatus</strong></span> <span class='ocrx_word' id='word_1_266' title='bbox 544 3561 586 3614; x_wconf 91' lang='lat' dir='ltr'><strong>sui</strong></span> <span class='ocrx_word' id='word_1_267' title='bbox 599 3561 702 3624; x_wconf 90' lang='lat' dir='ltr'><strong>diebus,</strong></span> <span class='ocrx_word' id='word_1_268' title='bbox 711 3560 833 3614; x_wconf 90' lang='lat' dir='ltr'><strong>Novatus</strong></span> <span class='ocrx_word' id='word_1_269' title='bbox 842 3562 1163 3630; x_wconf 82' lang='lat' dir='ltr'><strong>quidam,haeresiarches</strong></span> <span class='ocrx_word' id='word_1_270' title='bbox 1171 3563 1398 3629; x_wconf 89' lang='lat' dir='ltr'><strong>Novatianorum,</strong></span> <span class='ocrx_word' id='word_1_271' title='bbox 1406 3563 1483 3618; x_wconf 78' lang='lat' dir='ltr'><strong>eccle</strong></span> 
     </span>
     <span class='ocr_line' id='line_1_30' title="bbox 259 3657 1483 3730; baseline 0.002 -20"><span class='ocrx_word' id='word_1_272' title='bbox 259 3657 306 3710; x_wconf 84' lang='lat' dir='ltr'><strong>siae</strong></span> <span class='ocrx_word' id='word_1_273' title='bbox 318 3658 495 3726; x_wconf 86' lang='lat' dir='ltr'><strong>tranquillum</strong></span> <span class='ocrx_word' id='word_1_274' title='bbox 507 3657 627 3710; x_wconf 90' lang='lat' dir='ltr'><strong>turbavit</strong></span> <span class='ocrx_word' id='word_1_275' title='bbox 646 3661 756 3711; x_wconf 91' lang='lat' dir='ltr'><strong>statum.</strong></span> <span class='ocrx_word' id='word_1_276' title='bbox 769 3657 894 3724; x_wconf 87' lang='lat' dir='ltr'><strong>Quidum</strong></span> <span class='ocrx_word' id='word_1_277' title='bbox 914 3659 982 3713; x_wconf 88' lang='lat' dir='ltr'><strong>alios</strong></span> <span class='ocrx_word' id='word_1_278' title='bbox 999 3661 1153 3714; x_wconf 89' lang='lat' dir='ltr'><strong>animarum</strong></span> <span class='ocrx_word' id='word_1_279' title='bbox 1175 3659 1263 3714; x_wconf 88' lang='lat' dir='ltr'><strong>salute</strong></span> <span class='ocrx_word' id='word_1_280' title='bbox 1284 3660 1421 3715; x_wconf 88' lang='lat' dir='ltr'><strong>laboravit</strong></span> <span class='ocrx_word' id='word_1_281' title='bbox 1437 3659 1483 3730; x_wconf 90' lang='lat' dir='ltr'><strong>pri·</strong></span> 
     </span>
     <span class='ocr_line' id='line_1_31' title="bbox 260 3754 1511 3828; baseline 0.006 -20"><span class='ocrx_word' id='word_1_282' title='bbox 260 3772 332 3820; x_wconf 88' lang='lat' dir='ltr'><strong>vare,</strong></span> <span class='ocrx_word' id='word_1_283' title='bbox 341 3755 520 3824; x_wconf 88' lang='lat' dir='ltr'><strong>semetipsum</strong></span> <span class='ocrx_word' id='word_1_284' title='bbox 533 3754 745 3823; x_wconf 64' lang='lat' dir='ltr'><strong>praecipitantia</strong></span> <span class='ocrx_word' id='word_1_285' title='bbox 758 3757 885 3825; x_wconf 86' lang='lat' dir='ltr'><strong>abyssum</strong></span> <span class='ocrx_word' id='word_1_286' title='bbox 903 3758 1063 3827; x_wconf 91' lang='lat' dir='ltr'><strong>perditionis</strong></span> <span class='ocrx_word' id='word_1_287' title='bbox 1082 3763 1198 3813; x_wconf 81' lang='lat' dir='ltr'><strong>aetcrnae.</strong></span> <span class='ocrx_word' id='word_1_288' title='bbox 1210 3758 1261 3812; x_wconf 89' lang='lat' dir='ltr'><strong>Hic</strong></span> <span class='ocrx_word' id='word_1_289' title='bbox 1272 3758 1356 3828; x_wconf 86' lang='lat' dir='ltr'><strong>igitur</strong></span> <span class='ocrx_word' id='word_1_290' title='bbox 1367 3759 1485 3814; x_wconf 82' lang='lat' dir='ltr'><strong>Novatus</strong></span> <span class='ocrx_word' id='word_1_291' title='bbox 1499 3764 1511 3815; x_wconf 81' lang='grc'><strong>3</strong></span> 
     </span>
     <span class='ocr_line' id='line_1_32' title="bbox 258 3853 1485 3927; baseline 0.006 -22"><span class='ocrx_word' id='word_1_292' title='bbox 258 3853 334 3907; x_wconf 89' lang='lat' dir='ltr'><strong>velut</strong></span> <span class='ocrx_word' id='word_1_293' title='bbox 352 3854 423 3907; x_wconf 89' lang='lat' dir='ltr'><strong>inter</strong></span> <span class='ocrx_word' id='word_1_294' title='bbox 448 3853 567 3907; x_wconf 88' lang='lat' dir='ltr'><strong>triticum</strong></span> <span class='ocrx_word' id='word_1_295' title='bbox 587 3854 696 3918; x_wconf 87' lang='lat' dir='ltr'><strong>zizania,</strong></span> <span class='ocrx_word' id='word_1_296' title='bbox 708 3855 778 3909; x_wconf 90' lang='lat' dir='ltr'><strong>inter</strong></span> <span class='ocrx_word' id='word_1_297' title='bbox 798 3856 899 3909; x_wconf 90' lang='lat' dir='ltr'><strong>summi</strong></span> <span class='ocrx_word' id='word_1_298' title='bbox 921 3856 1016 3925; x_wconf 88' lang='lat' dir='ltr'><strong>capitis</strong></span> <span class='ocrx_word' id='word_1_299' title='bbox 1027 3855 1106 3911; x_wconf 90' lang='lat' dir='ltr'><strong>latuit</strong></span> <span class='ocrx_word' id='word_1_300' title='bbox 1124 3858 1257 3922; x_wconf 89' lang='lat' dir='ltr'><strong>membra,</strong></span> <span class='ocrx_word' id='word_1_301' title='bbox 1270 3862 1299 3912; x_wconf 89' lang='lat' dir='ltr'><strong>et</strong></span> <span class='ocrx_word' id='word_1_302' title='bbox 1308 3857 1485 3927; x_wconf 88' lang='lat' dir='ltr'><strong>pullulantem</strong></span> 
     </span>
     <span class='ocr_line' id='line_1_33' title="bbox 258 3951 1486 4024; baseline 0.006 -20"><span class='ocrx_word' id='word_1_303' title='bbox 258 3951 321 4005; x_wconf 88' lang='lat' dir='ltr'><strong>fidei</strong></span> <span class='ocrx_word' id='word_1_304' title='bbox 334 3951 439 4021; x_wconf 82' lang='lat' dir='ltr'><strong>frugem</strong></span> <span class='ocrx_word' id='word_1_305' title='bbox 453 3951 581 4021; x_wconf 91' lang='lat' dir='ltr'><strong>nequitiis</strong></span> <span class='ocrx_word' id='word_1_306' title='bbox 592 3953 648 4006; x_wconf 92' lang='lat' dir='ltr'><strong>suis</strong></span> <span class='ocrx_word' id='word_1_307' title='bbox 657 3953 726 4007; x_wconf 89' lang='lat' dir='ltr'><strong>adeo</strong></span> <span class='ocrx_word' id='word_1_308' title='bbox 736 3954 862 4022; x_wconf 88' lang='lat' dir='ltr'><strong>cupiebat</strong></span> <span class='ocrx_word' id='word_1_309' title='bbox 874 3954 980 4019; x_wconf 70' lang='lat' dir='ltr'><strong>vitiare·</strong></span> <span class='ocrx_word' id='word_1_310' title='bbox 989 3959 1019 4007; x_wconf 91' lang='lat' dir='ltr'><strong>ut</strong></span> <span class='ocrx_word' id='word_1_311' title='bbox 1028 3955 1125 4008; x_wconf 91' lang='lat' dir='ltr'><strong>messis</strong></span> <span class='ocrx_word' id='word_1_312' title='bbox 1132 3961 1256 4024; x_wconf 88' lang='lat' dir='ltr'><strong>ternpore</strong></span> <span class='ocrx_word' id='word_1_313' title='bbox 1267 3972 1363 4010; x_wconf 90' lang='lat' dir='ltr'><strong>secum</strong></span> <span class='ocrx_word' id='word_1_314' title='bbox 1373 3956 1486 4011; x_wconf 84' lang='lat' dir='ltr'><strong>inextin-</strong></span> 
     </span>
     <span class='ocr_line' id='line_1_34' title="bbox 258 4049 1487 4121; baseline 0.007 -19"><span class='ocrx_word' id='word_1_315' title='bbox 258 4049 351 4118; x_wconf 87' lang='lat' dir='ltr'><strong>guibili</strong></span> <span class='ocrx_word' id='word_1_316' title='bbox 372 4050 579 4104; x_wconf 86' lang='lat' dir='ltr'><strong>combureretur</strong></span> <span class='ocrx_word' id='word_1_317' title='bbox 597 4051 666 4120; x_wconf 85' lang='lat' dir='ltr'><strong>igne.</strong></span> <span class='ocrx_word' id='word_1_318' title='bbox 686 4052 805 4105; x_wconf 90' lang='lat' dir='ltr'><strong>Sociavit</strong></span> <span class='ocrx_word' id='word_1_319' title='bbox 826 4053 985 4121; x_wconf 88' lang='lat' dir='ltr'><strong>sequidem</strong></span> <span class='ocrx_word' id='word_1_320' title='bbox 1004 4054 1102 4107; x_wconf 87' lang='lat' dir='ltr'><strong>matris</strong></span> <span class='ocrx_word' id='word_1_321' title='bbox 1124 4054 1245 4108; x_wconf 77' lang='lat' dir='ltr'><strong>ecclesiae</strong></span> <span class='ocrx_word' id='word_1_322' title='bbox 1266 4054 1339 4119; x_wconf 89' lang='lat' dir='ltr'><strong>filiis,</strong></span> <span class='ocrx_word' id='word_1_323' title='bbox 1360 4057 1411 4110; x_wconf 88' lang='lat' dir='ltr'><strong>sed</strong></span> <span class='ocrx_word' id='word_1_324' title='bbox 1429 4055 1487 4109; x_wconf 89' lang='lat' dir='ltr'><strong>falsi</strong></span> 
     </span>
     <span class='ocr_line' id='line_1_35' title="bbox 259 4148 1487 4221; baseline 0.007 -20"><span class='ocrx_word' id='word_1_325' title='bbox 259 4148 370 4202; x_wconf 92' lang='lat' dir='ltr'><strong>nomine</strong></span> <span class='ocrx_word' id='word_1_326' title='bbox 379 4149 477 4214; x_wconf 73' lang='lat' dir='ltr'><strong>fratris</strong></span> <span class='ocrx_word' id='word_1_327' title='bbox 487 4153 582 4218; x_wconf 85' lang='lat' dir='ltr'><strong>utpote</strong></span> <span class='ocrx_word' id='word_1_328' title='bbox 595 4150 736 4204; x_wconf 79' lang='lat' dir='ltr'><strong>nativitate</strong></span> <span class='ocrx_word' id='word_1_329' title='bbox 749 4167 826 4219; x_wconf 86' lang='lat' dir='ltr'><strong>aquae</strong></span> <span class='ocrx_word' id='word_1_330' title='bbox 838 4155 865 4204; x_wconf 86' lang='lat' dir='ltr'><strong>et</strong></span> <span class='ocrx_word' id='word_1_331' title='bbox 875 4151 989 4220; x_wconf 90' lang='lat' dir='ltr'><strong>Spiritus</strong></span> <span class='ocrx_word' id='word_1_332' title='bbox 1001 4152 1122 4221; x_wconf 85' lang='lat' dir='ltr'><strong>legaliter</strong></span> <span class='ocrx_word' id='word_1_333' title='bbox 1133 4153 1247 4206; x_wconf 90' lang='lat' dir='ltr'><strong>minime</strong></span> <span class='ocrx_word' id='word_1_334' title='bbox 1259 4160 1381 4208; x_wconf 88' lang='lat' dir='ltr'><strong>renatus.</strong></span> <span class='ocrx_word' id='word_1_335' title='bbox 1391 4156 1487 4211; x_wconf 88' lang='lat' dir='ltr'><strong>Garna-</strong></span> 
     </span>
     <span class='ocr_line' id='line_1_36' title="bbox 258 4245 1511 4323; baseline 0.009 -26"><span class='ocrx_word' id='word_1_336' title='bbox 258 4245 320 4300; x_wconf 92' lang='lat' dir='ltr'><strong>liter</strong></span> <span class='ocrx_word' id='word_1_337' title='bbox 331 4247 411 4314; x_wconf 86' lang='lat' dir='ltr'><strong>igitur</strong></span> <span class='ocrx_word' id='word_1_338' title='bbox 423 4247 512 4300; x_wconf 91' lang='lat' dir='ltr'><strong>editus</strong></span> <span class='ocrx_word' id='word_1_339' title='bbox 525 4248 637 4312; x_wconf 90' lang='lat' dir='ltr'><strong>mundo,</strong></span> <span class='ocrx_word' id='word_1_340' title='bbox 649 4248 754 4302; x_wconf 88' lang='lat' dir='ltr'><strong>distulit</strong></span> <span class='ocrx_word' id='word_1_341' title='bbox 765 4249 868 4303; x_wconf 88' lang='lat' dir='ltr'><strong>renasci</strong></span> <span class='ocrx_word' id='word_1_342' title='bbox 887 4250 1062 4318; x_wconf 89' lang='lat' dir='ltr'><strong>spiritualiter</strong></span> <span class='ocrx_word' id='word_1_343' title='bbox 1078 4251 1106 4304; x_wconf 92' lang='lat' dir='ltr'><strong>in</strong></span> <span class='ocrx_word' id='word_1_344' title='bbox 1125 4251 1241 4317; x_wconf 87' lang='lat' dir='ltr'><strong>Christo,</strong></span> <span class='ocrx_word' id='word_1_345' title='bbox 1254 4252 1384 4322; x_wconf 90' lang='lat' dir='ltr'><strong>indignus</strong></span> <span class='ocrx_word' id='word_1_346' title='bbox 1395 4253 1487 4323; x_wconf 85' lang='lat' dir='ltr'><strong>ntique</strong></span> <span class='ocrx_word' id='word_1_347' title='bbox 1503 4258 1511 4308; x_wconf 73' lang='lat' dir='ltr'><strong>i</strong></span> 
     </span>
     <span class='ocr_line' id='line_1_37' title="bbox 259 4344 1488 4416; baseline 0.008 -20"><span class='ocrx_word' id='word_1_348' title='bbox 259 4344 399 4397; x_wconf 89' lang='lat' dir='ltr'><strong>christiani</strong></span> <span class='ocrx_word' id='word_1_349' title='bbox 411 4344 533 4398; x_wconf 91' lang='lat' dir='ltr'><strong>nominis</strong></span> <span class='ocrx_word' id='word_1_350' title='bbox 543 4345 649 4398; x_wconf 87' lang='lat' dir='ltr'><strong>honore</strong></span> <span class='ocrx_word' id='word_1_351' title='bbox 661 4345 810 4411; x_wconf 91' lang='lat' dir='ltr'><strong>sublimari,</strong></span> <span class='ocrx_word' id='word_1_352' title='bbox 822 4347 868 4416; x_wconf 87' lang='lat' dir='ltr'><strong>qui</strong></span> <span class='ocrx_word' id='word_1_353' title='bbox 880 4347 988 4401; x_wconf 89' lang='lat' dir='ltr'><strong>futurus</strong></span> <span class='ocrx_word' id='word_1_354' title='bbox 999 4349 1137 4402; x_wconf 87' lang='lat' dir='ltr'><strong>eratfilius</strong></span> <span class='ocrx_word' id='word_1_355' title='bbox 1148 4349 1260 4403; x_wconf 91' lang='lat' dir='ltr'><strong>diaboli.</strong></span> <span class='ocrx_word' id='word_1_356' title='bbox 1275 4350 1346 4405; x_wconf 86' lang='lat' dir='ltr'><strong>Cum</strong></span> <span class='ocrx_word' id='word_1_357' title='bbox 1354 4357 1449 4406; x_wconf 86' lang='lat' dir='ltr'><strong>antem</strong></span> <span class='ocrx_word' id='word_1_358' title='bbox 1460 4351 1488 4406; x_wconf 92' lang='lat' dir='ltr'><strong>in</strong></span> 
     </span>
     <span class='ocr_line' id='line_1_38' title="bbox 257 4442 1487 4520; baseline 0.008 -25"><span class='ocrx_word' id='word_1_359' title='bbox 257 4442 371 4510; x_wconf 88' lang='lat' dir='ltr'><strong>juvenili</strong></span> <span class='ocrx_word' id='word_1_360' title='bbox 388 4443 493 4511; x_wconf 91' lang='lat' dir='ltr'><strong>positus</strong></span> <span class='ocrx_word' id='word_1_361' title='bbox 511 4447 590 4497; x_wconf 75' lang='lat' dir='ltr'><strong>atate</strong></span> <span class='ocrx_word' id='word_1_362' title='bbox 608 4444 642 4496; x_wconf 89' lang='lat' dir='ltr'><strong>ab</strong></span> <span class='ocrx_word' id='word_1_363' title='bbox 662 4444 796 4498; x_wconf 87' lang='lat' dir='ltr'><strong>immundi</strong></span> <span class='ocrx_word' id='word_1_364' title='bbox 815 4445 926 4514; x_wconf 88' lang='lat' dir='ltr'><strong>spiritus</strong></span> <span class='ocrx_word' id='word_1_365' title='bbox 941 4452 1100 4515; x_wconf 87' lang='lat' dir='ltr'><strong>gravaretur</strong></span> <span class='ocrx_word' id='word_1_366' title='bbox 1111 4447 1265 4513; x_wconf 85' lang='lat' dir='ltr'><strong>vexatione,</strong></span> <span class='ocrx_word' id='word_1_367' title='bbox 1277 4453 1306 4503; x_wconf 91' lang='lat' dir='ltr'><strong>et</strong></span> <span class='ocrx_word' id='word_1_368' title='bbox 1317 4449 1487 4520; x_wconf 87' lang='lat' dir='ltr'><strong>aliquantum</strong></span> 
     </span>
     <span class='ocr_line' id='line_1_39' title="bbox 259 4532 1487 4618; baseline 0.01 -27"><span class='ocrx_word' id='word_1_369' title='bbox 259 4532 389 4606; x_wconf 91' lang='lat' dir='ltr'><strong>temporis</strong></span> <span class='ocrx_word' id='word_1_370' title='bbox 400 4541 473 4608; x_wconf 93' lang='lat' dir='ltr'><strong>apud</strong></span> <span class='ocrx_word' id='word_1_371' title='bbox 485 4540 634 4595; x_wconf 84' lang='lat' dir='ltr'><strong>exorcistas</strong></span> <span class='ocrx_word' id='word_1_372' title='bbox 647 4542 859 4611; x_wconf 88' lang='lat' dir='ltr'><strong>consumpsisset</strong></span> <span class='ocrx_word' id='word_1_373' title='bbox 870 4561 919 4613; x_wconf 92' lang='lat' dir='ltr'><strong>pro</strong></span> <span class='ocrx_word' id='word_1_374' title='bbox 930 4545 1001 4598; x_wconf 92' lang='lat' dir='ltr'><strong>illius</strong></span> <span class='ocrx_word' id='word_1_375' title='bbox 1011 4545 1159 4610; x_wconf 89' lang='lat' dir='ltr'><strong>curatione,</strong></span> <span class='ocrx_word' id='word_1_376' title='bbox 1168 4547 1290 4615; x_wconf 88' lang='lat' dir='ltr'><strong>corporis</strong></span> <span class='ocrx_word' id='word_1_377' title='bbox 1299 4548 1487 4618; x_wconf 67' lang='lat' dir='ltr'><strong>aegritudinem</strong></span> 
     </span>
     <span class='ocr_line' id='line_1_40' title="bbox 258 4635 1489 4710; baseline 0.01 -22"><span class='ocrx_word' id='word_1_378' title='bbox 258 4635 327 4690; x_wconf 89' lang='lat' dir='ltr'><strong>adeo</strong></span> <span class='ocrx_word' id='word_1_379' title='bbox 340 4636 453 4692; x_wconf 92' lang='lat' dir='ltr'><strong>incurrit</strong></span> <span class='ocrx_word' id='word_1_380' title='bbox 464 4656 575 4708; x_wconf 88' lang='lat' dir='ltr'><strong>gravem</strong></span> <span class='ocrx_word' id='word_1_381' title='bbox 588 4643 619 4694; x_wconf 90' lang='lat' dir='ltr'><strong>ut</strong></span> <span class='ocrx_word' id='word_1_382' title='bbox 630 4641 813 4710; x_wconf 88' lang='lat' dir='ltr'><strong>desperationi</strong></span> <span class='ocrx_word' id='word_1_383' title='bbox 825 4646 897 4697; x_wconf 91' lang='lat' dir='ltr'><strong>esset</strong></span> <span class='ocrx_word' id='word_1_384' title='bbox 913 4643 1013 4698; x_wconf 86' lang='lat' dir='ltr'><strong>vivere.</strong></span> <span class='ocrx_word' id='word_1_385' title='bbox 1031 4644 1117 4710; x_wconf 89' lang='lat' dir='ltr'><strong>Unde,</strong></span> <span class='ocrx_word' id='word_1_386' title='bbox 1129 4660 1164 4698; x_wconf 91' lang='lat' dir='ltr'><strong>ne</strong></span> <span class='ocrx_word' id='word_1_387' title='bbox 1182 4645 1216 4700; x_wconf 92' lang='lat' dir='ltr'><strong>de</strong></span> <span class='ocrx_word' id='word_1_388' title='bbox 1236 4646 1343 4701; x_wconf 90' lang='lat' dir='ltr'><strong>mundo</strong></span> <span class='ocrx_word' id='word_1_389' title='bbox 1361 4645 1489 4702; x_wconf 85' lang='lat' dir='ltr'><strong>transiret</strong></span> 
     </span>
    </p>
   </div>
   <div class='ocr_carea' id='block_1_8' title="bbox 0 0 1628 5392">
    <p class='ocr_par' dir='ltr' id='par_1_10' title="bbox 0 0 1628 5392">
     <span class='ocr_line' id='line_1_41' title="bbox 0 0 1628 5392; baseline 0 0"><span class='ocrx_word' id='word_1_390' title='bbox 0 0 1628 5392; x_wconf 95' lang='lat' dir='ltr'><strong> </strong></span> 
     </span>
    </p>
   </div>
  </div>
 </body>
</html>
