3142 5392
276 260 375 358 '304
638 301 763 352 cxrxn.
791 300 895 351 cono.
920 297 1198 350 nxaroanxeruc.

301 499 468 565 perpetraret
479 494 574 547 scelus.
586 493 663 546 'lunc
675 492 755 544 beata
767 489 901 544 Columba
912 487 1027 557 praebuit
1043 487 1138 542 dicens
1151 507 1158 541 :
1170 490 1307 544 Modicam
1323 495 1463 557 meinati
1528 504 1539 515 ¹

301 597 466 649 audiendam
479 610 536 661 qua
547 594 655 645 dictura
667 608 727 644 sani
736 598 812 643 taum
818 603 948 656 prepara
959 605 1013 640 cor.
1026 588 1100 641 Deus
1111 605 1196 655 mma,
1204 591 1251 642 cai
1261 608 1302 643 me
1312 592 1387 645 &occi
1395 594 1468 647 mitti
1526 596 1530 603 “
1565 604 1569 609 ’

300 697 354 748 mia
365 695 485 746 moribus
496 693 636 755 deservire,
645 693 675 742 in
688 691 738 742 liae
746 689 885 756 passionis
897 688 1046 753 ipnaminia
1057 704 1098 739 mc
1109 704 1164 740 non
1175 691 1311 754 permittat
1324 692 1428 744 &cadat
1436 690 1472 745 itt

301 792 446 845 cavendum
455 791 492 842 ad
502 804 626 855 prosena,
637 804 669 839 ιιι
677 795 701 838 ιι
710 792 815 853 repente
824 786 890 837 ultio
896 785 982 849 feriat
990 784 1083 835 divina
1094 791 1119 836 et
1127 786 1336 853 inpostmodum
1343 789 1475 855 meapte
1539 788 1558 799 ⁷

301 893 344 942 ris
354 897 460 942 armna.
472 886 594 940 Audiens
606 890 698 939 autem
709 882 818 951 juvenis
830 881 875 935 ille
887 885 1007 935 tremens
1018 886 1101 950 atque
1112 897 1266 951 pavescens
1279 883 1482 948 teliedirnisitn
1496 899 1499 914 ¹
1542 898 1550 907 ‘

302 987 434 1041 inlaesam.
443 986 566 1053 Cumque
581 983 697 1037 necdum
713 982 785 1036 inter
800 997 829 1034 se
843 981 902 1033 haec
913 980 998 1034 verba
1009 980 1205 1048 complessent,
1215 982 1342 1050 protinus
1352 983 1485 1053 merenti
1549 988 1565 1003 ”

302 1103 374 1151 ursa,
387 1086 474 1138 beatae
486 1082 598 1151 virginis
613 1082 648 1135 ad
660 1079 827 1148 adjutorium
839 1077 1057 1133 missa.Exiliens
1069 1095 1152 1149 super
1162 1080 1314 1135 humerum
1324 1082 1490 1152 iuvenalem

303 1185 359 1238 suit
376 1201 438 1237 euru
458 1183 485 1236 iu
501 1188 602 1235 terram
614 1181 741 1240 tremens,
759 1180 924 1246 intuensque
941 1177 969 1230 in
987 1176 1085 1231 faciem
1103 1177 1192 1231 beatae
1205 1178 1349 1233 Columba
1365 1181 1423 1248 qnid
1438 1182 1495 1235 deco

300 1283 410 1350 juberet
420 1281 518 1350 peragi.
534 1281 584 1334 llla
599 1280 681 1339 enim,
691 1279 780 1331 sciens
789 1293 838 1331 sua
847 1293 896 1346 pro
908 1276 1028 1330 vindicta
1039 1293 1056 1329 a
1067 1276 1125 1330 Deo
1138 1293 1232 1331 ursam
1246 1294 1310 1332 esse
1323 1278 1500 1343 directamcte

300 1384 396 1450 jurans
413 1381 437 1434 ei
456 1397 503 1449 per
520 1396 621 1433 nomen
634 1378 733 1432 Christi
746 1378 816 1431 utin
835 1392 897 1430 eum
911 1375 1014 1429 nullam
1027 1379 1167 1430 exerceret
1184 1376 1302 1431 ultionis
1319 1378 1505 1441 vindictamnl

303 1480 427 1549 protinus
439 1480 473 1532 ad
486 1478 653 1546 loquendum
666 1477 690 1528 ei
706 1474 822 1528 licentia
834 1474 965 1527 tribueret
976 1473 1076 1527 locum.
1093 1473 1171 1527 Tunc
1187 1490 1254 1528 ursa
1273 1476 1368 1531 subito
1382 1477 1462 1532 beata
1472 1480 1510 1533 rir-

303 1579 373 1648 ginis
383 1577 505 1631 obedivit
518 1576 631 1645 imperio
641 1595 647 1628 :
658 1574 760 1628 dimisit
776 1573 852 1627 illum
869 1572 1000 1636 inlaesum,
1016 1576 1043 1625 et
1054 1571 1147 1625 statim
1160 1588 1192 1626 se
1204 1573 1278 1628 ostio
1289 1575 1514 1644 adposuitoellub,

304 1694 338 1731 ne
349 1678 405 1746 ipse
418 1678 508 1746 fugam
520 1677 628 1745 elapsus
640 1680 752 1745 peteret,
767 1690 802 1727 ne
818 1673 863 1726 alii
875 1690 973 1727 ausum
987 1673 1154 1742 ingrediendi
1168 1672 1257 1742 ipsius
1269 1675 1379 1730 cellulae
1389 1678 1519 1745 potuisset

304 1777 388 1830 adire.

345 1875 378 1930 5.
401 1875 478 1929 Tunc
496 1873 577 1926 beata
596 1871 730 1925 Columba
748 1869 949 1938 praedicationis
960 1869 1043 1935 hujus
1055 1868 1195 1937 inpertivit
1211 1870 1312 1937 uerba,
1331 1872 1443 1926 dicens:
1461 1874 1525 1929 Videt

305 1983 406 2043 artanta
417 1975 453 2026 ait
466 1972 596 2023 invocatio
607 1970 710 2021 Christi
718 1968 844 2029 montinio,
856 1968 921 2033 quia
929 1967 991 2032 sera
1001 1968 1054 2019 ieta
1063 1968 1215 2020 dcrcmotia
1224 1969 1366 2021 eilrat-rim
1374 1972 1528 2038 pennard

304 2091 390 2126 meam
399 2073 541 2124 tuitionem
551 2069 698 2121 conditoris
707 2068 753 2118 aui
764 2067 877 2132 imperia
889 2067 1004 2118 adsensa
1016 2068 1105 2119 cerate
1114 2082 1171 2118 cece
1182 2068 1333 2133 directam,
1344 2077 1376 2121 ιιι
1392 2077 1467 2122 tm
1475 2087 1491 2123 a
1499 2086 1531 2123 ιι

304 2175 448 2222 removeret
458 2167 610 2231 infamiam.
624 2164 660 2216 Et
674 2164 722 2215 illo
734 2164 865 2216 creatoris
874 2163 920 2214 aui
931 2162 1193 2228 cbtempcratjaaoic,
1203 2180 1265 2231 qun
1274 2167 1471 2220 inrationabili
1479 2170 1534 2233 rifi

306 2275 425 2331 natura,·
434 2273 457 2318 ct
467 2273 504 2326 tu,
514 2265 590 2316 hamo
602 2280 663 2314 crim
674 2263 722 2326 aia,
730 2261 890 2313 rationabili
900 2261 1024 2312 conditae
1032 2276 1120 2322 aenou,
1129 2261 1163 2313 ab
1171 2264 1319 2328 aynitione
1329 2264 1536 2319 Christialimt

305 2367 409 2418 existis.
421 2366 476 2416 Aut
487 2370 510 2414 te
519 2362 646 2429 profitere
657 2361 838 2414 christianum
847 2360 910 2424 {ieri
917 2377 927 2411 .·
938 2366 986 2411 aut
998 2365 1073 2423 certe,
1084 2360 1111 2411 ai
1124 2362 1262 2425 renueris,
1274 2369 1303 2416 te
1314 2365 1357 2416 ad
1367 2365 1539 2418 dmin

306 2466 443 2518 licentiam
453 2465 478 2515 ei
486 2462 561 2514 dabo.
574 2459 652 2512 Tunc
661 2458 718 2524 ipse
729 2456 837 2524 juvenis
845 2460 1026 2525 compunctus
1036 2455 1174 2524 religionis
1181 2456 1247 2518 lide,
1254 2474 1332 2513 voce
1340 2477 1445 2531 magne
1453 2461 1540 2517 ctam

306 2563 354 2623 vit,
372 2561 483 2614 dicens:
498 2562 552 2626 Qui
571 2559 678 2612 Christo
689 2558 839 2623 transumit
856 2558 1002 2621 confessus,
1020 2572 1105 2608 sarrae
1115 2557 1178 2609 hinc
1194 2574 1254 2620 aare
1266 2560 1489 2630 discedanqaia
1503 2578 1542 2629 cp

305 2661 430 2726 confiteor·
439 2661 520 2727 plano
532 2660 618 2711 olium
631 2658 717 2709 Deam
735 2672 786 2708 aon
800 2671 855 2707 esea
868 2656 923 2706 niai
940 2656 1018 2706 illam
1030 2656 1060 2708 in
1073 2671 1150 2722 quem
1161 2655 1240 2708 beata
1255 2657 1398 2713 Gdumba
1408 2662 1543 2715 credatu

306 2760 452 2824 cantitetur.
465 2757 588 2824 Cumque
598 2755 656 2807 haec
665 2753 749 2807 verba
758 2752 929 2821 complesset,
939 2752 1056 2805 removit
1066 2768 1095 2806 se
1104 2751 1139 2805 ab
1149 2753 1222 2806 ostio
1231 2770 1302 2808 ursa
1312 2773 1455 2821 seorsum,
1463 2759 1544 2827 inquo

306 2871 355 2923 per
367 2854 490 2907 divinum
503 2853 647 2906 ridebatur
660 2852 767 2904 adstare
780 2851 930 2912 decretum,
942 2854 1025 2918 atque
1037 2850 1193 2919 egrediendi
1203 2851 1229 2905 ei
1242 2854 1380 2921 preastitit
1391 2857 1505 2912 aditum.
1514 2858 1546 2911 «lt

308 2952 353 3006 ille
365 2969 395 3005 se
413 2953 534 3020 gaudens
552 2955 685 3019 ereptum,
697 2948 781 3002 totius
793 2948 912 3002 civitatis
931 2948 1068 3002 clamabat
1087 2965 1176 3018 praeco
1194 2966 1253 3004 non
1271 2969 1341 3007 esse
1358 2955 1449 3010 aliurn
1465 2956 1543 3010 Deum

306 3056 466 3104 cunctarum
489 3067 578 3105 rerum
602 3050 653 3103 nisi
675 3048 751 3102 illum
772 3064 821 3115 pro
841 3048 919 3115 cujus
940 3047 1052 3101 nomine
1071 3053 1147 3101 tauta
1165 3065 1198 3102 ac
1216 3049 1289 3105 talia
1301 3052 1390 3108 beata
1402 3056 1547 3124 patiebatur

310 3149 457 3213 Columba3
468 3166 499 3202 ac
512 3166 560 3218 per
571 3147 678 3217 singula
689 3148 794 3201 cunctis
806 3147 954 3215 disponens
967 3147 1091 3200 ordinem
1104 3146 1151 3210 rei,
1163 3154 1271 3217 quanta
1290 3150 1323 3205 in
1335 3169 1368 3206 se
1386 3159 1452 3207 acte
1465 3158 1547 3208 ment

307 3249 439 3317 mysteria
450 3248 508 3302 Dei.
519 3248 624 3301 Tamen
633 3247 723 3300 adhuc
733 3262 796 3299 ursa
808 3261 857 3314 pro
866 3250 967 3299 sanctie
980 3245 1120 3299 Columbae
1132 3245 1247 3315 virginis
1258 3250 1353 3304 tutela
1362 3252 1394 3305 in
1402 3253 1545 3321 amphil*

308 3353 350 3402 tro
363 3348 495 3401 remansit
506 3363 567 3400 curn
580 3347 646 3415 ipsa.

349 3445 384 3503 6.
408 3447 530 3500 Audiens
542 3444 601 3497 haeo
613 3443 769 3496 Auxilianus
783 3443 939 3512 imperator,
953 3459 1055 3512 magno
1066 3443 1184 3512 repletus
1197 3442 1306 3511 furore,
1324 3448 1467 3504 militibus
1475 3449 1547 3519 jusit

308 3551 339 3600 ut
348 3561 382 3599 ex
394 3543 577 3612 amphiteatro
588 3557 649 3593 eam
660 3539 826 3609 expellerent
836 3545 864 3593 et
872 3540 924 3594 sibi
934 3541 1085 3595 exhibitam
1096 3545 1308 3609 praesentarent.
1319 3543 1473 3600 lllieuntes
1481 3548 1546 3602 inre

308 3647 408 3697 nerunt
420 3658 481 3695 eam
495 3644 628 3701 orantem,
646 3643 673 3691 et
684 3655 778 3692 ursam
797 3639 870 3693 intra
881 3641 1019 3709 tugurium
1036 3637 1118 3692 shnul
1129 3653 1192 3691 cum
1205 3655 1240 3692 ea
1256 3639 1425 3710 degentem.
1436 3645 1489 3700 Sed
1498 3660 1546 3714 pr!

310 3741 393 3811 ipsius
403 3740 510 3794 timoris
518 3742 594 3792 metu
604 3738 663 3791 ausi
673 3738 707 3791 ad
717 3742 839 3791 sanctam
850 3738 982 3807 virginem
993 3753 1049 3791 non
1058 3741 1123 3791 sunt
1132 3737 1335 3807 propinquare.
1343 3741 1400 3809 Qui
1409 3745 1547 3799 redeuntes

309 3857 341 3894 ac
351 3845 455 3894 terrore
471 3837 615 3907 perterriti,
625 3835 870 3906 dixeruntpraesidi
881 3856 887 3890 :
897 3839 958 3890 Non
968 3853 1114 3904 poseamus
1123 3853 1182 3889 cam
1190 3838 1242 3890 tibi
1250 3839 1394 3909 ahibere,
1408 3846 1477 3912 qaia
1488 3859 1548 3896 arro

308 3942 384 3993 intra
395 3941 537 4006 lupariam
555 3939 650 4004 clepens
666 3938 743 3989 arabia
760 3938 884 3989 earrtibrcs
900 3938 1008 3988 minime
1020 3937 1155 4003 permittit
1165 3937 1285 4000 mereat.
1298 3937 1384 3994 Tunc
1395 3940 1549 3995 Aurilienu

309 4035 457 4104 imperator
469 4039 544 4088 strue
555 4034 691 4104 lignorum
710 4039 787 4103 septa
803 4035 938 4103 parietum
957 4033 1056 4086 ambiri
1072 4033 1153 4101 jussit
1169 4037 1253 4102 atque
1264 4039 1415 4105 succendi,
1432 4038 1549 4095 ursina

308 4150 372 4187 curn
392 4148 456 4187 ursa
475 4133 566 4203 pravis
592 4134 672 4187 beata
695 4134 830 4187 Columba
849 4137 1016 4186 cremaretur
1036 4131 1177 4186 incendiis
1196 4133 1328 4203 Cumque
1343 4137 1408 4203 jam
1430 4139 1550 4194 ammes

309 4232 426 4286 incendii
439 4232 571 4301 paulatim
590 4249 653 4285 ursa
670 4248 840 4285 succrescere
861 4236 992 4294 cerneret,
1010 4231 1094 4284 finem
1107 4230 1170 4284 vitae
1187 4231 1337 4301 suspicans
1355 4239 1550 4309 propinquare,

307 4332 386 4399 juxta
397 4332 472 4399 quod
481 4347 542 4384 mos
555 4330 639 4399 ipsius
651 4331 777 4399 exigebat
788 4335 891 4384 naturae
904 4330 984 4398 erepit
992 4328 1109 4383 tremere
1119 4335 1146 4382 et
1158 4329 1279 4398 rugitum
1290 4333 1371 4388 dare.
1381 4336 1551 4393 videnshne

309 4430 390 4483 beata
412 4430 555 4491 Columba,
573 4429 657 4498 ipsius
678 4434 719 4482 est
740 4445 883 4497 compassa
903 4428 1017 4496 injuriis,
1037 4445 1097 4482 earn
1119 4428 1260 4482 exhortari
1278 4434 1367 4501 coepit
1388 4436 1501 4492 dicens:
1517 4438 1552 4491 Ne

309 4550 409 4599 parcae
421 4535 474 4585 iata
487 4549 542 4600 qua
552 4534 641 4586 acrm’a
650 4533 783 4591 incendia,
796 4534 863 4598 quia
872 4538 1027 4598 potestatem
1035 4531 1064 4582 in
1075 4546 1116 4582 me
1127 4531 1213 4582 callam
1225 4548 1280 4584 non
1293 4532 1399 4588 liabent
1408 4536 1552 4599 σειιιιιιιάὶ,

311 4632 376 4683 ditm
396 4648 488 4683 eornm
506 4639 650 4687 auctorem.
663 4632 756 4683 l’atrie
767 4633 866 4683 scilicit
888 4631 1009 4692 Verbum,
1025 4646 1168 4697 perquem
1185 4633 1278 4683 amnia
1295 4633 1376 4697 sacta
1391 4645 1469 4703 aurit,
1485 4639 1552 4689 intra
