3248 5392
189 313 257 386 ibt
522 335 648 390 aaran.
675 336 779 391 cono.
806 337 1083 394 aaaroamrruc.

225 538 260 596 3.
283 538 389 594 Eodem
408 544 533 611 ternpore
554 559 625 597 uxor
645 544 704 611 eius
724 560 787 600 curn
808 545 915 601 duabus
933 545 1042 601 filiabus
1061 544 1120 601 suis
1131 543 1161 598 in
1177 543 1266 598 domo
1281 558 1330 597 sua
1343 542 1405 597 num

184 638 323 694 remansit
333 639 422 707 Quam
436 640 585 711 imperator
595 643 670 698 lame
679 642 794 698 cruciari
804 644 939 713 praecepit,
951 643 974 697 si
986 659 1042 698 uon
1053 640 1242 696 sacrificasset
1251 637 1406 695 dikum

183 735 268 804 pisset
278 736 418 792 maritum.
430 737 480 793 Illa
491 744 583 794 autem
595 756 760 810 permanens
772 757 835 795 curn
847 741 954 795 duabus
965 739 1074 794 filiabus
1091 739 1121 793 in
1138 737 1195 792 ilde
1208 734 1320 791 Domini
1333 735 1406 790 nomi

182 834 247 888 lesu
260 835 369 901 Christi,
377 836 539 893 nullomodo
551 838 696 908 praeceptis
708 838 895 909 imperialibus
908 837 1057 893 obaudivit.
1069 836 1204 891 Traditur
1212 838 1308 889 autern
1321 833 1406 889 Fusio

183 933 301 1000 cuidam,
313 937 467 1007 propinquo
480 954 539 1003 suo,
548 942 643 993 tamen
654 938 757 1008 gentili,
767 938 814 1008 qui
832 955 893 993 earn
904 937 1005 992 talibus
1016 940 1126 1007 urgeret
1137 933 1265 1000 monitis,
1275 920 1427 988 dioemci:⁸

188 1037 220 1089 Ut
232 1037 300 1103 quid
312 1038 393 1090 istanc
404 1040 730 1106 susperstitiancmcunum
742 1040 853 1096 tenendo
871 1040 960 1092 adhuc
978 1038 1057 1091 rebus
1069 1037 1190 1105 privat!
1209 1036 1283 1099 estis,
1301 1040 1326 1087 et
1339 1038 1408 1085 m

179 1135 337 1200 propinqua
348 1136 480 1202 periculis
497 1153 557 1189 cum
573 1138 684 1203 filiabus
695 1138 864 1204 subjacetis?
875 1136 952 1190 'lunc
967 1134 1088 1189 Dairoxa
1105 1133 1195 1188 dixit:
1206 1134 1283 1187 Deris
1292 1133 1340 1201 qui
1347 1132 1407 1185 nich

182 1231 289 1284 Filium
307 1250 396 1300 suurn,
408 1235 555 1288 Dominum
567 1236 661 1288 Jcsum
676 1237 823 1303 Christum,
835 1244 865 1290 ut
885 1252 934 1288 uos
952 1238 1074 1303 eriperet,
1089 1240 1180 1302 potest
1197 1239 1224 1285 ct
1236 1233 1327 1285 airum
1335 1246 1407 1284 m

181 1331 250 1381 rrrihi
259 1333 371 1385 recidere
383 1335 593 1399 etfacnltotibus
604 1338 664 1389 sctis
680 1336 830 1389 coelcmibns
847 1352 907 1388 enm
924 1333 1176 1401 manciparc:quia
1195 1333 1224 1385 si
1238 1346 1286 1397 epo
1302 1329 1371 1384 dalet
1383 1330 1408 1381 de

182 1447 241 1482 icccc.
250 1432 305 1482 ciri
315 1434 375 1493 mei,
387 1438 476 1486 tamcu
488 1437 521 1487 de
529 1436 717 1501 ejusprctiosa
730 1442 813 1488 rrromc
821 1436 909 1500 atrapis
917 1434 1030 1501 aaudca.
1039 1429 1197 1499 Respondit
1205 1414 1437 1494 Faustmzsrptt

183 1545 280 1593 irmpua
289 1536 327 1581 cst
339 1546 412 1583 irrors
422 1535 436 1584 ?
448 1531 568 1585 Dalroxa
580 1531 664 1585 dixit:
679 1535 751 1599 Quin
763 1550 816 1586 nou
828 1533 926 1599 lepisti,
937 1538 1026 1585 tanuen
1038 1531 1077 1583 ccl
1087 1531 1192 1583 audire
1200 1537 1228 1583 to
1236 1545 1291 1583 non
1299 1529 1407 1581 memma

183 1629 244 1680 risi
256 1628 392 1695 Scriptum
410 1637 449 1682 cst
466 1633 554 1683 errius:
566 1631 689 1684 Pretiosa
700 1639 739 1684 est
758 1633 786 1683 in
803 1610 943 1698 corrspcctu
955 1631 1068 1683 Domini
1083 1645 1159 1683 mors
1176 1635 1337 1683 sanatorum
1351 1629 1407 1695 ejas

183 1723 299 1777 Faustus
325 1724 393 1778 dixit
411 1745 416 1779 :
435 1728 472 1780 Et
493 1728 539 1780 ubi
558 1735 596 1781 cst
611 1731 768 1796 paternitas
794 1730 968 1795 copulationis,
993 1734 1022 1779 ut
1040 1727 1110 1779 mihi
1128 1743 1277 1795 nunqnam
1297 1742 1331 1780 a
1348 1726 1408 1780 um

179 1824 342 1889 parentibus
353 1826 519 1892 diculpatum
533 1828 569 1879 sit
580 1830 646 1894 quia
656 1829 775 1895 pretiosa
791 1833 830 1880 cst
849 1842 924 1879 mors
934 1832 1090 1879 sanctarum
1101 1825 1162 1892 m‘us
1172 1828 1189 1878 t
1200 1823 1325 1879 Dairoxa
1335 1822 1408 1878 anit:

187 1921 229 1973 Tu
239 1924 316 1975 crude
334 1925 365 1976 in
382 1924 487 1977 Filium
499 1926 552 1978 Dei
570 1926 717 1992 Christum,
735 1943 812 1993 quern
823 1926 957 1978 Julianus
974 1931 1060 1992 ratpot,
1071 1931 1095 1977 ct
1115 1924 1222 1978 ridebis
1236 1924 1379 1992 diqm‘totss
1389 1904 1440 1976 du

182 2020 326 2084 facultates
337 2025 433 2076 centies
442 2026 630 2091 multiplicari.
639 2024 793 2092 Respondit
801 2023 919 2077 Faustus
928 2042 934 2076 :
943 2023 982 2076 Et
991 2038 1048 2091 arcs
1055 2025 1108 2076 crit
1119 2020 1409 2092 credulitastllcspo*

184 2114 251 2170 dens
263 2118 384 2172 Dairoxa
396 2119 465 2174 dixit
473 2140 480 2173 ι
488 2121 597 2188 Fausto,
606 2127 636 2174 ut
653 2123 814 2188 baptismum
827 2123 955 2188 accipias,
967 2127 991 2173 ct
1001 2126 1032 2173 nt
1049 2121 1184 2172 mneos-is
1195 2136 1295 2174 nom
1306 2122 1410 2188 acciptur

186 2216 290 2270 Christi
306 2235 382 2286 arcem
394 2220 527 2273 Julianus
543 2220 710 2286 ammittant
730 2226 791 2272 autc
803 2220 952 2272 Dominum
963 2219 1059 2271 Jemrrn
1075 2218 1221 2271 Christm
1237 2226 1410 2288 temporam

179 2322 248 2387 'sunt
259 2332 306 2367 nec
316 2317 391 2382 ficies,
400 2319 446 2370 sed
458 2319 529 2385 quod
534 2324 694 2385 perpetuum
706 2324 730 2370 ct
738 2325 865 2371 marnam
874 2323 919 2370 cst.
931 2315 1007 2369 Tunc
1017 2318 1139 2369 tremens
1150 2315 1275 2370 Faustus
1283 2315 1411 2371 cedditul

184 2412 267 2480 pedes
276 2414 336 2480 ejus
348 2419 375 2467 et
387 2414 467 2482 coepit
479 2431 575 2483 rogare
587 2430 649 2468 eam
662 2420 693 2468 ut
701 2414 890 2484 baptizaretur.
903 2413 1024 2467 Dairoxa
1035 2413 1129 2482 itaque
1141 2418 1225 2483 rogat
1233 2414 1331 2470 renuo
1345 2414 1378 2469 ad
1386 2428 1411 2469 st
1421 2398 1443 2449 ⁸

183 2514 309 2563 sanctum
326 2510 482 2565 iohannem
494 2512 700 2581 presbyterum
719 2527 800 2580 quem
820 2526 883 2565 curn
895 2509 1016 2564 lacrimis
1028 2509 1233 2579 deprecabatur
1244 2515 1278 2566 ut
1293 2511 1409 2566 Faustum

184 2607 339 2677 baptizaret.
352 2609 405 2676 Qui
418 2615 447 2664 ut
456 2611 645 2679 praudentium
657 2615 750 2679 ageret
759 2609 909 2678 respondit,
921 2613 952 2663 ut
959 2607 1064 2677 ieiunio
1077 2613 1221 2663 recreatus
1232 2625 1314 2665 more
1329 2614 1410 2665 surdo

184 2706 372 2774 baptizaretur.
382 2708 487 2763 Indicio
497 2726 563 2763 uero
571 2710 677 2778 jejunio
690 2727 728 2763 ru
746 2709 850 2774 diebus,
863 2709 954 2763 cinere
967 2723 1078 2777 asperso
1090 2707 1181 2777 capito
1192 2713 1222 2764 et
1233 2708 1409 2778 eleemosynas

184 2803 274 2857 dando
286 2806 441 2873 urgebatur,
454 2811 484 2861 ut
503 2812 661 2862 sanctorum
682 2812 834 2861 mereretur
846 2806 1018 2860 orationibus
1034 2805 1169 2873 adjurari.
1182 2806 1311 2876 Septimo
1330 2807 1409 2875 inqu

183 2901 235 2961 die.
245 2904 374 2957 omnibus
384 2906 509 2969 venditis,
522 2923 578 2960 nou
591 2911 697 2961 tanturn
711 2911 913 2966 ornamentum.
923 2906 970 2959 sed
980 2920 1078 2959 aurum
1088 2910 1116 2958 ct
1128 2910 1279 2973 argentum
1299 2904 1406 2976 pauperi
1417 2890 1438 2941 ὅ

184 3000 234 3053 bus
251 3017 389 3071 spargana,
400 3005 552 3073 baptizalus
564 3010 613 3059 est.

223 3098 258 3154 4.
282 3098 334 3165 Qui
347 3117 409 3153 curu
420 3102 477 3167 jam
491 3102 627 3172 baptismo
637 3100 738 3154 Christi
748 3100 905 3168 redemptus
918 3099 1021 3162 luisset,
1033 3102 1095 3167 post
1108 3098 1168 3152 dies
1181 3115 1239 3153 xxx
1252 3104 1282 3152 et
1299 3116 1325 3153 rx
1333 3098 1406 3168 requi·

183 3195 278 3248 ritura
295 3195 403 3249 iuliano
420 3198 593 3264 imperatore.
606 3196 639 3249 Et
656 3197 733 3249 uenit
749 3200 812 3249 aute
826 3198 1001 3262 conspectum
1013 3193 1079 3261 ejus.
1097 3193 1132 3246 Et
1143 3191 1333 3263 interrogatus
1346 3196 1405 3246 csta

182 3295 289 3348 luliuuo
300 3295 463 3364 imperatore
476 3316 482 3348 :
495 3299 703 3349 Gesserositotcm
715 3303 791 3348 tuam
802 3303 858 3348 tarn
875 3296 983 3361 rrrapuls
994 3295 1164 3359 arpumentis
1174 3310 1261 3361 quom
1270 3293 1406 3360 infelicibus

182 3395 370 3460 objectionibus
387 3398 465 3449 credo
482 3405 506 3448 te
523 3398 683 3463 acaccisitam
706 3411 815 3447 aucorem
836 3395 969 3446 Floriani
989 3409 1043 3445 riou
1058 3393 1223 3458 perdidisse.
1241 3384 1438 3461 Responacntl

182 3498 274 3546 nutem
287 3494 410 3557 Faustae,
423 3495 510 3547 dixit:
528 3496 586 3561 Epo
603 3496 711 3562 quidem
722 3511 777 3547 nou
786 3501 860 3546 tacito
877 3495 972 3545 sumito
984 3508 1042 3544 eam
1060 3507 1114 3544 reon
1126 3493 1246 3558 perdidi
1253 3510 1266 3556 ,·
1282 3493 1329 3545 scd
1343 3492 1404 3545 tm·

183 3593 360 3659 Dosa-oscarus
377 3595 430 3647 sihi
440 3596 591 3661 acqrcisicit,
601 3601 631 3646 nt
648 3609 753 3645 merear
765 3594 977 3658 riderequcmtu
995 3591 1175 3656 trecassinus
1192 3607 1309 3657 reanum
1324 3590 1406 3656 serapi

181 3697 286 3744 ternum
300 3700 345 3745 est.
363 3692 439 3746 Tunc
453 3694 521 3747 dixit
532 3694 672 3748 lulianus:
691 3696 749 3762 Epo
766 3696 873 3763 quidem
892 3695 938 3759 fui
949 3693 1136 3755 christianus;
1152 3692 1202 3743 scd
1219 3692 1279 3744 diis
1290 3690 1406 3743 libamina

181 3792 316 3855 offerenda
325 3809 405 3858 rayno
417 3795 575 3859 canjrcnctns
587 3812 654 3847 surm
668 3795 709 3846 Tu
722 3811 783 3847 cero
793 3801 873 3847 tauta
881 3793 1008 3846 limnoas
1019 3792 1092 3844 seclis
1106 3791 1237 3855 illustris,
1251 3791 1304 3857 qui
1318 3802 1408 3856 usurpa

181 3892 288 3943 sermsti
297 3892 360 3956 (liis,
372 3893 469 3959 arcibus
478 3910 523 3960 epa
533 3895 694 3946 lurcrniliutns
705 3895 841 3946 exaltatus
852 3909 921 3957 sicar,
939 3891 1069 3959 qccourado
1083 3890 1213 3942 seductus
1227 3904 1258 3942 es
1270 3877 1441 3957 illapsu-³⁸

181 3988 248 4041 dens
260 3989 376 4043 Faustus
388 3990 474 4044 dixit:
494 3993 554 4046 Nau
571 4010 632 4046 sium
650 3994 782 4057 seductus,
799 3994 846 4045 scd
860 3992 964 4057 anpctis
982 3990 1179 4066 srcrupsaciatus
1197 3995 1222 4041 et
1240 3990 1409 4055 monemus,

180 4089 249 4140 sicut
260 4096 288 4139 tu
302 4089 448 4143 darrcauiis.
462 4093 514 4144 Sed
524 4099 552 4144 ut
562 4108 711 4157 capnoscas,
721 4092 841 4144 adorabo
852 4106 898 4157 epo
914 4106 987 4141 nunc
999 4088 1147 4141 Dominum
1158 4086 1260 4139 Jesum
1274 4086 1409 4146 eunucu,

180 4187 228 4252 qui
229 4187 410 4250 judicaturus
419 4197 456 4242 cst
466 4192 537 4242 ciros
549 4198 572 4242 ct
582 4197 701 4243 mortuos
713 4197 736 4242 st
749 4205 860 4255 reatuum
870 4196 947 4241 tuum
958 4205 967 4239 :
979 4195 1002 4239 ct
1014 4193 1044 4239 ta
1053 4186 1141 4238 adara
1153 4185 1291 4238 demones
1306 4192 1371 4248 tuas,
1384 4188 1408 4233 st

179 4285 318 4338 rideamus
327 4289 388 4353 picis
397 4290 516 4341 curialis
527 4291 700 4341 exaudiatur.
713 4286 894 4356 Respondsns
903 4284 1029 4338 lulianus
1038 4283 1197 4351 imperator,
1206 4281 1279 4335 dixit
1287 4282 1408 4336 :lucanis

180 4382 296 4436 Faustus
313 4390 414 4449 nutem,
433 4387 548 4455 genibus
571 4386 674 4456 positia,
686 4386 791 4440 orando
812 4384 930 4439 reddidit
942 4382 1076 4453 spiritum.
1097 4380 1176 4434 Tunc
1193 4380 1323 4435 lulianus
1338 4370 1443 4448 jussitlt

179 4479 273 4546 projici
286 4481 360 4535 foras
372 4499 471 4552 corpus
481 4483 554 4536 beati
564 4483 664 4550 Fausti,
674 4488 702 4536 ct
715 4500 771 4537 nou
781 4482 899 4551 sepeliri,
906 4482 954 4536 ssd
964 4480 1078 4534 canibus
1090 4478 1255 4548 derelinqui.

221 4576 254 4632 5.
279 4578 381 4632 Eadem
391 4586 472 4633 nocte
481 4581 557 4634 vcnit
568 4581 689 4634 Dalroxa
700 4585 728 4634 et
740 4579 848 4648 collegit
859 4594 958 4647 corpus
970 4578 1037 4644 ejus,
1045 4580 1073 4630 et
1085 4574 1215 4643 sepelivit
1223 4574 1298 4629 intra
1306 4574 1407 4628 domurn

179 4692 256 4729 suam
266 4677 344 4744 juxta
361 4693 477 4745 corpora
489 4681 646 4733 sanctorum
660 4680 811 4743 martyrum
823 4674 957 4730 lobannis
978 4678 1004 4728 et
1022 4671 1110 4726 Pauli.
1128 4671 1234 4726 Eadem
1252 4688 1320 4726 vcro
1338 4675 1408 4724 uode
