3142 5392
199 275 271 347 3248
534 296 659 350 carna.
685 298 789 350 conn.
815 298 1090 353 uaerooalrmc.

200 484 313 554 caligine
322 485 475 539 obscuritas
482 486 605 551 nubium,
615 487 672 541 dies
684 488 801 542 naturali
814 488 916 542 lumine
925 489 1056 558 privatus,
1064 495 1155 559 etprae
1163 491 1244 544 nimia
1252 492 1366 547 obscultas
1414 502 1417 507 ’

199 582 338 637 nebulosae
356 584 477 652 caliginis
490 584 584 637 civitas
599 600 616 636 a
631 584 784 639 Gothorum
796 585 882 638 oculis
893 585 1073 641 subtrahitur.
1084 587 1144 641 Stat
1156 588 1240 642 bostis
1254 588 1368 645 interitum
1416 606 1428 639 τ

199 683 365 750 perterritus
378 699 518 736 armorum
530 683 650 751 pondere
664 683 795 737 inutiliter
807 688 954 752 protectus,
966 685 1014 754 qni
1026 701 1077 739 nee
1087 686 1209 755 fugiendi
1226 687 1321 742 &luten
1331 704 1370 743 enr-

198 780 276 847 sequi
288 780 378 848 potuit
389 797 438 834 nec
450 780 494 834 cui
503 781 648 849 pugnando
661 781 739 835 finire
756 780 832 834 licuit
842 781 935 836 vitam.
944 782 1068 837 Tandem
1077 783 1371 853 postauquanuunen

198 880 293 948 spatia,
305 880 398 934 divina
408 880 434 933 id
447 880 621 949 dispensante
630 880 724 949 gratia,
733 881 822 934 visum
832 887 874 935 est
882 882 1008 936 hostibus
1016 884 1091 953 quod
1100 901 1117 936 a
1125 884 1374 941 multitudinem

197 995 259 1031 rum
271 979 378 1033 sortiter
398 985 592 1047 premerentur,
613 985 640 1033 et
661 979 764 1048 impetu
783 981 904 1035 maximo
922 997 970 1034 eos
990 982 1209 1052 insequerentur.
1232 983 1301 1038 Unde
1315 984 1374 1039 velim

198 1076 306 1129 diverso
319 1082 452 1145 apparatu
463 1082 624 1142 castrorum,
635 1093 742 1131 necnon
754 1083 782 1131 et
793 1077 927 1132 solamine
939 1094 1083 1148 equorum,
1093 1079 1131 1133 ita
1140 1080 1279 1135 discedunt
1284 1081 1375 1150 pedarii
1424 1110 1428 1115 ·

197 1180 227 1227 ut
240 1175 329 1228 nullus
342 1177 530 1231 recordaretur
546 1177 588 1230 sui
606 1176 731 1245 proximi.
749 1177 891 1230 Gaudebat
902 1178 974 1231 enim
988 1179 1177 1249 unusquisque
1189 1181 1293 1249 perdere
1302 1180 1376 1250 Μ’

197 1273 287 1326 aliena
299 1280 411 1328 venerat
423 1276 523 1343 injuste
534 1292 637 1345 rapere.
649 1276 727 1329 Unde
736 1276 864 1329 lactum...
876 1277 1091 1346 frequentarent.

241 1371 297 1426 10.
323 1370 447 1436 Quodam
470 1370 568 1423 iterum
587 1375 717 1439 tempore,
735 1371 800 1423 dum
819 1387 868 1439 per
886 1371 998 1440 longum
1016 1372 1137 1440 spatium
1152 1372 1325 1442 Burdigalensi
1335 1388 1378 1443 pur

196 1473 273 1521 tanta
285 1469 326 1522 vis
340 1468 495 1521 immineret
510 1466 638 1520 imbrium
651 1471 682 1519 ut
693 1466 764 1519 alvei
776 1465 920 1519 tluminum
932 1466 1044 1520 solitum
1056 1467 1252 1522 incredibiliter
1262 1469 1378 1522 excedam

197 1582 315 1631 cursum,
327 1571 403 1619 tanta
415 1565 548 1618 exterruit
560 1565 714 1632 desperatio
726 1565 834 1618 animos
844 1564 967 1618 omnium
979 1566 1121 1619 utiterum
1133 1567 1170 1620 ob
1179 1567 1379 1637 humanumque

197 1665 342 1718 delendum
356 1665 428 1717 aliud
441 1665 563 1717 futurum
576 1665 717 1717 crederent
729 1663 869 1716 diluvium.
879 1662 975 1717 Omnis
987 1664 1114 1718 cessabat
1125 1664 1250 1734 agricola,
1258 1662 1379 1721 horuch

195 1766 338 1834 gestabant
347 1764 440 1822 libera,
451 1780 500 1816 nec
508 1764 521 1792 *
530 1762 657 1816 homines
667 1765 793 1830 poterant
805 1761 857 1815 sibi
869 1761 898 1814 in
906 1762 1028 1816 futurum
1039 1779 1145 1817 annum
1153 1764 1379 1832 providerentspn

193 1865 306 1918 seminis
318 1868 429 1933 possent
440 1863 522 1915 sulcis
536 1860 737 1915 commendare.
757 1861 863 1913 Interea
881 1859 946 1913 dum
965 1861 1066 1914 misera
1078 1862 1165 1916 animi
1178 1862 1380 1917 sollicitudinem

194 1963 355 2016 desisterent
368 1961 483 2014 inomni
496 1960 565 2012 hora
574 1960 726 2027 desperare,
736 1958 849 2026 contigit
862 1957 1037 2012 festivitatem
1056 1959 1130 2013 beati
1143 1960 1263 2015 Severini
1278 1959 1379 2031 apprep‘a

195 2077 287 2131 quare.
305 2060 366 2127 Qua
384 2060 483 2113 indicta
500 2075 577 2112 more
595 2058 684 2121 solitu,
696 2058 758 2112 ideo
772 2058 889 2112 instante
902 2059 945 2112 die
957 2059 1046 2112 clerus
1059 2059 1140 2114 affuit
1150 2076 1214 2114 eum
1229 2060 1298 2114 omni
1306 2057 1380 2129 populo.

195 2159 302 2229 vigilias
311 2156 652 2226 communiterapndillius
661 2157 815 2225 sepulcrum
824 2158 1380 2226 curnsummadevotionecelebrantesetpn

195 2258 308 2314 instanti
317 2257 438 2327 periculo
448 2274 511 2311 cnm
520 2256 620 2309 mentis
627 2250 779 2325 htentione
787 2256 873 2310 Deum
884 2262 1064 2325 sanctumque
1071 2258 1233 2312 Severinum
1240 2257 1382 2327 imploratu

194 2358 287 2412 divino
300 2363 370 2411 nutu
381 2362 439 2410 tam
449 2355 540 2410 valida
548 2355 589 2408 vis
600 2354 727 2408 imbrium
741 2355 918 2424 restringitur,
928 2360 955 2410 et
967 2356 1152 2411 inventorum
1164 2357 1256 2411 nubila
1266 2354 1381 2422 deterribt

195 2463 225 2511 nt
242 2457 453 2526 necquidquam
472 2461 625 2509 remaneret
643 2455 717 2524 quod
735 2456 865 2525 impediat
881 2472 1017 2520 serenum,
1030 2457 1074 2511 vel
1090 2458 1166 2525 quod
1179 2457 1316 2512 obscurum
1328 2451 1382 2507 iniat

196 2555 305 2610 coelum.
315 2556 393 2609 blane
404 2554 505 2608 etenim
519 2554 599 2620 lacto,
607 2554 664 2622 jam
677 2554 752 2607 omni
765 2554 873 2608 turbine
882 2555 985 2618 sedato,
997 2555 1039 2609 sol
1050 2554 1154 2610 clarum
1166 2557 1239 2610 diem
1250 2555 1383 2624 representat

196 2655 313 2708 mundo.
325 2653 384 2708 Tali
398 2658 426 2707 et
437 2658 493 2707 tam
506 2652 597 2706 subita
604 2653 750 2706 serenitate
763 2658 878 2722 recepta,
890 2653 960 2708 miro
969 2654 1069 2722 gaudio
1079 2654 1201 2724 repletur
1209 2660 1266 2709 tota
1275 2650 1383 2724 provincie
1406 2721 1409 2727 Ι

198 2754 232 2808 de
242 2753 286 2807 die
298 2753 326 2806 in
338 2753 409 2807 diem
423 2753 556 2818 majorem
569 2768 644 2820 spem
658 2751 792 2805 habentes
804 2752 832 2804 in
844 2751 891 2805 tali
910 2757 1034 2820 patrono,
1051 2753 1118 2822 quia
1136 2755 1169 2808 de
1188 2771 1218 2807 se
1232 2755 1384 2824 praesumente

195 2868 336 2920 nunquam
350 2851 470 2905 deseruit
481 2851 567 2919 pietas
579 2852 679 2904 divina.
697 2850 763 2904 Post
774 2851 849 2904 illam
861 2867 995 2919 aquarum
1009 2852 1201 2906 inundantiam
1216 2853 1300 2906 omnis
1310 2847 1411 2920 provin!

197 2949 238 3002 cia
247 2948 451 3017 periclitabatur
462 2953 538 3016 peste
555 2947 708 3001 contraria:
721 2964 785 3000 nam
799 2952 882 3000 tantae
894 2948 1029 3001 ariditatis
1040 2948 1151 3003 siccitas
1161 2955 1261 3004 terram
1273 2944 1384 3014 occupabel

196 3048 270 3118 quod
282 3049 396 3102 omnino
408 3049 527 3101 fructum
537 3048 602 3100 dare
609 3047 733 3115 negabat.
743 3046 836 3100 Tellus
845 3048 936 3115 itaque
948 3048 1179 3102 descendentibus
1191 3050 1256 3103 rivis
1264 3045 1384 3118 quasisitin

196 3148 361 3217 querebatur
372 3147 511 3201 hiantibus
521 3146 606 3210 venie,
618 3146 708 3199 omnis
717 3146 806 3199 cultus
815 3147 953 3199 hunianus
962 3151 990 3199 et
998 3162 1064 3200 usus
1072 3147 1192 3202 humore
1201 3148 1315 3218 privatur
1322 3141 1385 3198 raditi-

196 3251 247 3309 tus,
265 3263 315 3300 nec
335 3247 421 3300 herba
438 3246 541 3314 profuit
558 3246 689 3313 jumentis
707 3245 750 3299 vel
770 3245 922 3314 pecoribus.
939 3246 1035 3314 ltaque
1052 3245 1111 3300 haee
1127 3264 1246 3317 sequens
1260 3238 1385 3301 siccimnl

197 3346 334 3400 universis
352 3352 410 3400 erat
428 3346 519 3409 taedio,
538 3350 569 3399 ut
584 3345 659 3414 prior
676 3344 827 3409 inundatio,
844 3344 970 3412 quamvis
987 3360 1065 3413 reque
1083 3346 1192 3409 nociva,
1209 3346 1326 3400 omnibus
1339 3341 1412 3393 esst!

197 3449 340 3503 desiderio.
355 3449 438 3518 Igitur
451 3465 512 3501 cnm
526 3463 623 3501 omnes
635 3447 739 3516 seipsos
751 3451 779 3500 et
791 3463 841 3499 sua
854 3447 1037 3515 desperationi
1055 3449 1196 3502 traderent
1207 3455 1235 3503 et
1245 3465 1312 3518 spem
1323 3458 1385 3499 cone

196 3549 312 3618 quenda·
323 3548 418 3601 salutis
428 3549 630 3615 postponerent,
638 3562 655 3598 a
664 3546 805 3599 sacerdote
813 3562 909 3599 omnes
919 3545 946 3598 in
955 3562 1041 3599 unum
1051 3548 1198 3601 convocati
1207 3548 1274 3601 etde
1283 3546 1385 3615 inqmetlt

196 3647 290 3701 dolore
308 3647 354 3701 vix
366 3645 566 3715 aliquantulum
578 3644 719 3707 consolati,
738 3645 868 3697 admonet
880 3660 927 3697 eos
939 3650 969 3698 ut
981 3650 1120 3699 conventu
1133 3646 1273 3700 communi
1288 3646 1318 3698 ad
1327 3636 1385 3708 septb
1425 3632 1428 3649 ¹

197 3764 274 3801 crum
284 3746 442 3815 confugiant
451 3745 524 3798 beati
533 3744 663 3798 Severini.
673 3744 836 3812 Indictisquc
846 3744 1005 3798 solemniter
1015 3744 1120 3812 vigiliis,
1133 3761 1199 3799 mox
1212 3744 1325 3814 sequenti
1333 3742 1385 3794 nortl
1426 3740 1428 3789 ἶ

197 3844 478 3900 convenituniversus
486 3843 603 3911 populus
614 3841 731 3894 civitatis
741 3860 747 3904 ;
760 3847 926 3895 concurrunt
937 3841 972 3895 ad
983 3841 1140 3911 sepulerum
1150 3834 1415 3898 sanctissimiconlcr!

199 3944 277 4009 soris,
290 3943 431 3997 humiliter
443 3958 506 3995 enm
519 3946 664 3995 exorantes
675 3957 724 4008 pro
736 3939 857 4009 periculo
870 3940 1039 3994 imminentis
1047 3941 1162 3996 ardoris.
1171 3934 1384 3997 Miruminmodud

198 4045 272 4098 circa
283 4043 407 4111 ejusdem
425 4041 523 4095 mediae
535 4040 622 4094 noctis
635 4039 752 4109 spatium
771 4055 818 4092 aer
835 4038 983 4093 involvitur
1000 4041 1168 4096 obscuritate
1186 4043 1305 4104 nubium,
1317 4034 1385 4091 cellit!

197 4143 271 4197 nube
289 4142 409 4196 siderum
423 4141 531 4195 claritas
548 4143 576 4193 et
592 4143 670 4192 terrae
683 4139 805 4193 induitur
816 4139 941 4193 humoris
958 4139 1101 4208 frigiditas.
1117 4141 1149 4195 ln
1161 4141 1285 4196 laudibus
1295 4152 1344 4207 ervo
1352 4124 1385 4184 Μ

196 4247 388 4311 perseverante
398 4241 506 4311 populo,
516 4239 562 4292 diu
571 4242 669 4307 negata
678 4237 751 4291 cadit
761 4237 870 4291 abunde
880 4237 972 4306 pluvia
981 4237 1015 4291 de
1024 4237 1102 4303 coelo,
1111 4243 1140 4293 et
1148 4239 1291 4293 herbarum
1299 4232 1387 4290 deletus

198 4341 303 4396 coelitus
309 4341 393 4395 misso
404 4342 520 4394 humore
529 4336 661 4406 paulatim
672 4335 796 4389 relicitur.
804 4335 836 4388 In
846 4335 922 4389 brevi
932 4336 1024 4403 itaque
1032 4336 1123 4389 omnis
1132 4336 1206 4391 illius
1214 4326 1389 4407 prionsmditr
1402 4323 1424 4373 Ὦ

198 4439 233 4493 tis
241 4439 341 4494 sterilis
349 4439 456 4493 siccitas
464 4437 514 4491 Dei
526 4435 703 4505 dispositione
710 4439 738 4488 et
746 4434 832 4488 sancti
841 4434 964 4488 Severini
973 4433 1168 4489 intercessione
1178 4436 1315 4490 inuberem
1323 4429 1392 4482 leont

199 4539 312 4593 ditatem
322 4538 384 4593 etin
395 4537 540 4607 pristinum
553 4533 696 4588 viriditatis
707 4533 828 4602 vigorem
841 4539 882 4587 est
894 4537 1007 4596 mutata,
1019 4537 1050 4586 ut
1063 4549 1114 4587 nee
1126 4534 1234 4604 signum
1246 4528 1344 4603 pulveris
1351 4526 1397 4573 ⁰0⁰

199 4637 333 4705 squaloris
343 4639 492 4704 appareret,
501 4637 529 4686 et
538 4632 628 4685 omnis
640 4637 711 4684 term
720 4630 860 4699 aequaliter
868 4635 1019 4699 temperata
1028 4630 1170 4686 fructuoso
1179 4633 1294 4702 germine
1303 4615 1403 4681 florere&
