3142 5392
256 419 337 472 anun.
363 417 446 472 nno.
471 416 645 473 nnumin.
670 439 719 450 -
744 418 892 473 manns.
918 421 966 474 nn
991 421 1071 477 con.
1096 422 1135 476 no
1159 422 1269 478 en-noo.
1324 400 1375 478 53

191 615 230 665 tm
238 607 378 662 stn'dentem
387 622 422 662 ex
433 605 609 662 imerioribus
620 606 722 678 abyssi,
733 611 761 662 et
770 608 843 662 facta
854 612 896 663 est
906 613 1056 680 tempestas
1072 626 1172 681 magna
1184 610 1255 667 euos
1264 626 1374 679 narem,

192 712 210 763 et
220 707 343 761 timuerunt
352 710 451 773 nautae,
463 705 585 761 dicentes
595 726 602 761 :
613 708 784 762 Peccavimus
799 724 891 762 coram
907 709 964 764 Deo
981 711 1108 778 Nazartt,
1119 713 1230 780 ideoque
1240 714 1374 780 perimus.

192 805 314 874 Navigantes
331 821 397 859 aero
419 805 508 860 stadia
529 806 587 860 fere
611 805 816 876 quinquaginta,
830 815 899 861 'cnm
919 808 977 876 jam
1001 808 1230 879 demergerentur,
1248 809 1376 866 viderunt

192 905 271 960 benum
284 902 420 958 Nazarinm
431 920 514 975 snper
529 920 606 959 mare
617 904 805 961 ambulantem
821 922 884 961 omn
896 922 990 977 puero,
1002 911 1030 962 et
1046 907 1270 964 exclamaverunt
1285 915 1375 966 nante

163 987 181 1060 't
192 1017 321 1066 aunuum
336 1018 404 1056 voce
423 1001 555 1056 dicentes:
567 1003 647 1056 Serus
657 1003 719 1070 Dei,
730 1005 807 1057 satec
825 1021 875 1058 nos
890 1021 941 1072 per
952 1005 1099 1059 Dominum
1114 1008 1164 1075 pue·
1179 1015 1203 1060 ta
1219 1009 1341 1076 sulcavit,
1352 1017 1376 1064 at

191 1104 326 1156 emma·
343 1109 367 1156 at
385 1104 550 1157 adducemus
565 1119 660 1156 naum
674 1105 705 1156 in
722 1120 909 1172 quanicumque
920 1111 1033 1173 portum
1046 1107 1171 1160 mineris.
1188 1106 1341 1176 Respondit
1348 1111 1376 1162 et

192 1199 244 1252 dixit
253 1199 296 1252 eis:
307 1200 420 1253 Orode'tia
439 1202 506 1268 quic
522 1199 597 1253 Deus
612 1216 688 1254 maes
699 1207 786 1268 potest
804 1201 921 1254 laborare
932 1205 1001 1256 cosi
1012 1201 1046 1255 nt
1062 1201 1190 1256 dixerunt
1203 1207 1307 1258 nante:
1320 1205 1377 1260 Nor

192 1299 273 1366 guamo
284 1299 483 1352 exclamavimus
499 1300 650 1353 invocantes
666 1299 753 1352 Deum
769 1306 854 1365 tuum,
863 1302 1028 1355 credidimus
1044 1303 1110 1369 quio
1122 1308 1209 1369 potest
1224 1303 1300 1357 Deus
1312 1311 1377 1360 tuus

192 1396 279 1449 titernre
288 1413 336 1450 oce.
351 1396 385 1450 nt
399 1396 534 1451 accedens
552 1396 649 1451 beatus
665 1395 794 1451 Nazarius
812 1397 880 1452 dixit
896 1400 1003 1452 nautis:
1018 1400 1152 1454 Custodite
1168 1417 1213 1455 vos
1224 1419 1241 1455 a
1253 1403 1377 1457 cladrim

153 1503 179 1552 tt
192 1495 341 1548 ducemne
353 1497 478 1551 Neronis.
490 1495 567 1550 Tunc
578 1495 753 1550 catheziaavit
764 1511 813 1550 eos
828 1496 856 1550 in
868 1496 922 1551 tide
934 1496 1035 1552 Christi
1046 1502 1074 1552 et
1090 1499 1219 1568 navigare
1230 1504 1377 1570 coeperunt.

193 1590 222 1645 Iit
230 1592 307 1646 factm
316 1597 355 1647 est
364 1610 441 1648 mare
452 1594 606 1664 pacificum.
618 1594 652 1649 Et
669 1594 721 1649 iter
730 1599 842 1664 agentm
854 1601 989 1651 venerunt
999 1597 1035 1650 ad
1046 1596 1143 1667 ripam,
1154 1602 1182 1652 et
1192 1599 1378 1669 deposuerunt

194 1695 289 1745 senatum
297 1691 432 1747 Naaarium
444 1693 472 1748 in
482 1693 574 1748 locum
583 1709 601 1748 a
611 1693 755 1749 Gennense
767 1694 835 1749 urba
846 1711 944 1764 passus
952 1696 1010 1751 iere
1023 1701 1174 1763 sexcentos,
1186 1697 1233 1752 ubi
1245 1713 1294 1768 pro
1305 1698 1379 1770 ipso·

197 1803 244 1842 rnen
252 1791 334 1846 neritis
345 1792 482 1849 orationes
493 1797 522 1848 et
529 1797 595 1849 rota
606 1792 757 1859 solvuntur,
766 1798 795 1848 et
805 1797 919 1848 vocatur
930 1793 1007 1849 locus
1016 1797 1053 1850 od
1063 1804 1185 1851 samum
1191 1799 1376 1866 Peregrinum.

227 1883 253 1943 d.
269 1884 353 1944 Deinde
364 1888 466 1959 egressi
476 1906 495 1942 a
505 1888 615 1944 civitate
629 1888 781 1953 Genususe,
789 1895 967 1959 perrexerunt
977 1890 1169 1959 Mediolanum,
1178 1893 1225 1947 ubi
1236 1894 1379 1964 requisivit

152 1990 182 2040 tt
197 1982 220 2037 in
232 2000 315 2040 mrcere
323 2002 389 2056 quos
400 1985 549 2056 reliquerat
564 1989 675 2040 sanctos
691 1985 742 2040 Dei
753 1986 928 2041 Prothasium
941 1991 969 2041 et
979 1987 1149 2054 Gervasium
1162 1994 1189 2043 et
1206 1989 1312 2045 invenit
1322 2006 1378 2046 eos.

198 2078 276 2146 Quibus
284 2083 412 2138 adherens
425 2083 599 2138 confortabat
613 2099 669 2137 eos.
680 2083 802 2137 Audiens
812 2083 872 2138 baec
888 2083 1023 2139 Anolinns
1040 2085 1088 2154 qni
1104 2101 1168 2140 eum
1183 2086 1242 2154 jam
1259 2102 1293 2142 ex
1310 2087 1379 2143 urbe

197 2177 348 2236 Mediolanensi
361 2182 511 2252 expulerat,
523 2182 599 2252 quod
616 2182 676 2236 haec
687 2183 789 2237 iaceret
804 2183 902 2238 beatus
916 2182 1052 2251 Nanneius,
1064 2183 1183 2253 repleius
1194 2185 1380 2255 indignatione

196 2275 248 2330 dixit
253 2279 360 2336 militibus
373 2283 444 2336 suis:
458 2283 593 2349 Quomodo
604 2285 698 2350 effugit
707 2299 806 2336 munus
824 2284 943 2339 Neronia
954 2285 1031 2338 homo
1043 2286 1117 2338 iate?
1129 2285 1163 2338 nt
1172 2284 1253 2354 jussit
1270 2302 1334 2340 eum
1350 2285 1380 2340 in

197 2372 260 2430 aliun
274 2395 392 2436 mrcerem
410 2381 490 2436 mitti
502 2382 537 2435 Et
546 2380 622 2435 misit
636 2397 753 2436 munera
770 2362 798 2436 et
814 2382 926 2451 praemia
942 2382 977 2436 ad
993 2382 1128 2437 Neronem
1139 2382 1341 2451 imperatorem,
1353 2388 1381 2440 et

155 2480 184 2530 it)
198 2473 311 2543 smpeitei:
323 2482 333 2506 ⁸
345 2479 446 2535 Neroni
454 2479 555 2544 caesari,
567 2480 726 2550 imperatori
738 2485 766 2534 et
777 2480 882 2535 consuli
893 2481 1017 2550 piissimo
1028 2481 1058 2536 in
1070 2481 1198 2536 omnibns
1210 2482 1261 2537 diis
1272 2482 1380 2550 nostris,

199 2570 305 2642 Anninus,
314 2594 404 2633 sersus
414 2583 486 2643 tuus,
498 2577 623 2632 salutern.
633 2578 727 2632 Virum
740 2577 787 2648 qui
799 2578 898 2633 dicitur
908 2579 1045 2644 Nazarius,
1062 2578 1217 2634 invenimus
1231 2580 1380 2651 fugientem

197 2672 321 2735 pomnen
334 2681 409 2731 tuam
421 2680 449 2731 et
457 2676 638 2732 seditionibus
649 2677 855 2746 perturbantem
864 2677 1003 2732 civitatem
1014 2682 1136 2732 nostmm
1146 2683 1174 2732 et
1180 2684 1380 2749 pervertentem

197 2767 249 2823 ilios
264 2789 318 2842 qnos
330 2778 491 2846 jamdudum
508 2777 537 2832 in
555 2794 664 2832 carcere
679 2777 841 2843 retinebam,
859 2781 1006 2847 expectans
1020 2779 1097 2847 iussa
1110 2783 1166 2833 tnae
1186 2779 1381 2850 magnitudinis

198 2865 333 2937 sidereos
351 2875 469 2930 deterre
480 2874 603 2945 perdam.
620 2875 657 2929 Ut
668 2878 696 2929 et
713 2875 764 2929 diis
778 2873 864 2944 gloria
881 2878 928 2928 tua
940 2879 1100 2944 permaneat
1116 2875 1200 2930 salva.
1213 2918 1225 2943 ,
1238 2876 1382 2947 Accipiens

156 2967 185 3017 it
198 2977 248 3018 run
256 2969 377 3037 epistolam
393 2974 466 3029 Nero
481 2973 585 3029 exilivit
602 2974 636 3029 de
652 2973 721 3028 sede.
734 2990 793 3039 sna,
802 2973 895 3028 dicens
904 2993 911 3028 :
921 2975 1018 3028 Adbuc
1029 2977 1093 3028 civit
1104 2977 1214 3029 deorum
1225 2984 1381 3031 nostrorum

197 3061 400 3126 admuntensem
419 3071 560 3140 quaerebat
577 3071 701 3126 occidere
718 3075 825 3136 nantas,
844 3074 871 3125 et
893 3087 951 3124 non
969 3070 1127 3126 inveniebat
1144 3088 1200 3126 eos.
1224 3074 1258 3127 Et
1274 3073 1382 3142 scripsit

196 3156 294 3231 inclino,
307 3169 412 3226 dicens:
427 3173 440 3197 ⁸
453 3169 546 3225 lucide
565 3169 636 3225 coila
654 3186 749 3225 eorum
768 3174 796 3224 et
813 3169 848 3224 da
864 3169 961 3224 avibus
977 3185 1073 3224 carnes
1093 3187 1223 3237 eorum,
1242 3172 1304 3226 Non
1318 3177 1382 3243 post

196 3258 333 3325 mnitoenero
344 3270 402 3341 dies
410 3270 492 3339 iussit
502 3269 637 3325 Anolinns
654 3269 783 3325 decoNari
794 3270 907 3324 beatum
915 3269 1059 3324 Nazarium
1071 3286 1134 3325 cum
1146 3286 1231 3340 puero
1249 3271 1336 3326 Celso.
1347 3271 1382 3326 Et

196 3354 334 3424 observantes
353 3369 495 3425 christiani
511 3369 595 3424 iurati
611 3374 676 3424 suut
692 3369 812 3439 pretiosa
824 3385 940 3439 corpora
951 3387 1055 3437 eorum,
1068 3375 1096 3426 et
1107 3370 1228 3424 tulerunt
1238 3387 1271 3424 ea
1282 3371 1328 3425 V²⁰
1339 3369 1381 3426 Kl.

153 3456 181 3506 ³⁰
193 3452 281 3525 Augusti
289 3466 347 3524 foris
361 3474 471 3541 portam
480 3483 543 3540 qne
552 3469 651 3524 dicitur
661 3470 796 3535 Romana,
807 3469 836 3523 in
847 3470 964 3540 propriis
975 3470 1071 3525 hortis.

226 3554 251 3612 ⁷.
268 3560 296 3616 Εἰ
304 3564 328 3621 in
336 3568 394 3637 ipsa
405 3571 487 3623 nocte
496 3567 548 3622 risi
559 3572 623 3622 sunt
631 3566 718 3621 sancti
729 3566 846 3633 cuidam,
858 3567 966 3622 Ceratio
977 3566 1097 3632 nomine,
1104 3566 1152 3638 qui
1160 3571 1317 3637 susceperat
1324 3583 1381 3634 eos,

193 3655 217 3703 0²
222 3653 320 3719 di1trnnt
330 3667 367 3721 ei:
378 3668 512 3734 Magnum
522 3667 697 3732 aitpoudium
709 3667 739 3718 in
750 3667 827 3719 domo
841 3672 896 3718 tuo.
914 3666 1066 3719 Altitudine
1077 3683 1176 3733 magna
1187 3666 1316 3719 &scande
1332 3682 1382 3720 eece

193 3751 302 3817 ‘'¹⁸an
307 3775 414 3837 propter
424 3768 565 3833 Neronem,
574 3773 599 3819 et
607 3782 640 3819 ne
651 3767 757 3819 dixeris
768 3767 864 3819 amicis
874 3767 930 3818 tuis
941 3767 1012 3833 quod
1023 3766 1098 3832 opeed
1109 3772 1133 3818 te
1144 3765 1315 3819 absconderis
1325 3782 1383 3820 nos.

193 3846 251 3905 ΤΗΝ
264 3866 355 3931 rogarit
371 3882 420 3921 eos
437 3863 559 3920 Ceratius
577 3863 685 3918 dicens:
703 3865 777 3932 Rogo
792 3880 845 3930 cos,
862 3865 967 3918 domini
984 3865 1045 3931 mei,
1061 3866 1133 3918 acroi
1157 3864 1267 3930 dhrim,
1283 3865 1383 3919 sulcate

151 3945 178 3996 ³³
192 3951 274 4009 eneam
283 3964 359 4027 fitium
369 3983 465 4032 mom,
477 3967 543 4033 quic
550 3966 707 4033 paralytica
718 3971 763 4017 eat.
774 3962 876 4017 Dicunt
886 3961 912 4016 ei
922 3961 1009 4016 sancti
1022 3982 1028 4017 :
1042 3964 1097 4030 Qui
1110 3965 1232 4017 exultare
1242 3965 1311 4029 facit
1321 3966 1383 4018 ani-

191 4062 334 4119 munros
344 4083 405 4119 eum
421 4066 665 4128 constansiensis,
677 4064 812 4118 aebutius·
822 4065 894 4132 quod
904 4064 1005 4130 petisti,
1017 4064 1084 4131 quic
1095 4070 1143 4116 tua
1152 4064 1213 4130 fitia
1221 4065 1325 4117 salvata
1337 4071 1383 4118 est.

191 4139 299 4214 Etv⁰lens
307 4179 365 4218 eam
378 4164 478 4218 offerre
489 4161 598 4227 sanctis,
610 4159 755 4216 confestim
764 4159 869 4216 invenit
876 4176 939 4214 eam
950 4176 1054 4219 sanann.
1066 4160 1101 4214 Et
1110 4160 1197 4214 sancti
1208 4177 1225 4214 a
1236 4160 1322 4230 gioria
1333 4161 1384 4216 Dei

190 4237 310 4314 abietinditi
318 4261 460 4315 iactisunt
473 4259 596 4314 Ceratius
614 4264 707 4314 autem
719 4275 782 4313 cum
794 4258 970 4313 festinatione
981 4257 1119 4313 nuntiavit
1125 4258 1206 4313 uxori
1213 4275 1278 4325 suoe,
1287 4259 1384 4314 Fortu·

189 4341 243 4393 Μ
252 4357 356 4424 nomine,
367 4361 397 4412 et
412 4356 537 4411 iecerunt
553 4355 647 4410 omnia
658 4355 729 4410 sicut
745 4359 911 4425 preceperat
921 4354 961 4409 eis
979 4358 1090 4410 sanctus
1102 4354 1239 4420 Nazarius,
1253 4355 1383 4410 etadora-

147 4433 174 4488 ω
191 4449 266 4504 '‘1¹11st
272 4463 372 4514 sanctos
381 4473 445 4512 cum
454 4457 511 4512 iilia
519 4472 570 4511 sua
581 4458 610 4510 et
618 4455 708 4509 omnis
719 4455 818 4510 domus
827 4471 932 4520 eornm,
941 4455 1074 4511 dicentes:
1086 4456 1161 4509 Deua
1171 4463 1326 4510 scammum
1336 4456 1385 4524 qui

188 4548 372 4611 moruorum
382 4563 460 4610 taum
473 4562 626 4624 posueram
637 4556 745 4609 animas
761 4570 836 4621 auca,
844 4556 920 4608 solea
931 4570 981 4608 noa
993 4556 1024 4607 in
1040 4555 1137 4609 secum.
1153 4555 1341 4608 Benedicimse
1351 4559 1384 4619 tc,

189 4639 385 4796 ἕῖῆάιηιιωιι
394 4656 530 4722 habemus,
543 4656 657 4722 Christe,
668 4672 728 4710 vere
744 4661 851 4709 samos
861 4661 922 4709 tuos
932 4661 957 4708 et
973 4655 1122 4722 discipulos
1137 4655 1251 4722 apostoli
1261 4655 1304 4708 tui
1314 4653 1385 4707 beati
