3142 5392
303 117 397 168 niun.
415 112 497 167 aas.
516 114 689 169 enorum„
706 137 754 148 ·-
773 118 853 169 coo.
871 110 909 169 ιι0
924 115 1050 169 ress-er.
1221 96 1294 171 595

255 417 450 505 cxxxv.
478 416 603 505 corax
628 384 815 528 signatus
840 439 885 507 no
914 418 1103 508 aanor.

94 651 233 706 Foliorum
247 654 304 716 sto,
317 653 413 706 formae
425 652 541 706 minoris
553 655 639 719 (0³31
656 662 682 710 Χ
695 655 818 719 ti,15),ex
831 653 924 708 multis
941 654 1085 708 codicibus
1095 654 1210 709 dirersis
1222 671 1296 708 corn-

61 754 166 817 pactus,
176 750 233 803 tere
241 749 334 803 seculo
344 749 379 802 xi
393 755 421 802 et
431 749 480 803 Xll
493 749 619 811 exaratis,
631 766 749 818 quorum
759 751 931 805 duotantum
942 750 1067 813 (1018-37
1080 751 1166 805 etiol.
1176 750 1295 818 tna-tua)

60 850 229 902 documenta
249 848 420 918 hagiologica
440 848 581 902 continent
599 849 646 915 (1).
666 849 770 903 Ηοιιιιιι
794 850 869 919 prior
885 850 979 905 seculo
997 849 1055 907 xtt.
1072 849 1143 903 alter
1161 851 1253 905 seculo
1271 850 1295 904 X

60 945 216 1013 descriptus
228 952 277 1009 est,
294 946 373 1000 lineis
391 946 478 1013 plenis
495 945 566 1013 stylo
585 947 673 1000 ferreo
692 946 788 1012 ductis,
805 947 891 1001 titulis
908 947 1025 1001 subinde
1043 946 1197 1010 rubricatis,
1214 947 1296 1002 nullis

59 1045 240 1098 ornamentis.

93 1142 224 1196 Codicem
234 1141 459 1195 Gemblacensem
471 1142 546 1195 nulla
558 1142 669 1210 quidem
679 1148 753 1206 nota,
765 1142 814 1196 sed
823 1143 894 1196 ratio
906 1143 1106 1214 compactionis
1119 1142 1230 1197 indicat

164 1341 200 1412 1⁰
226 1339 312 1411 Vita
329 1345 469 1412 sanctae
486 1340 677 1413 Gertrudis
703 1340 857 1433 virginis
872 1342 951 1432 (fol.
974 1343 1140 1433 101331).

93 1469 174 1522 Edita
186 1470 260 1538 apud
271 1455 421 1538 dosepbum
440 1470 580 1538 aRyckel,
603 1472 668 1525 Vita
683 1473 710 1525 S.
726 1470 873 1525 (intrudis
892 1474 1026 1527 historica
1040 1475 1217 1527 aromotioues
1234 1481 1297 1537 tres,

59 1586 85 1638 p.
97 1570 131 1622 35
143 1586 202 1637 sqq.
212 1597 243 1607 -
256 1569 421 1624 Discrimina
432 1569 534 1623 codicis
543 1586 606 1623 cum
620 1571 741 1625 editione
752 1570 919 1640 ityckeliana
931 1571 976 1625 bic
988 1576 1162 1634 annotamus,
1172 1577 1203 1625 ut
1212 1588 1296 1640 appa·

60 1674 119 1722 reat
140 1668 302 1737 ityckelium
322 1685 428 1723 errasse
450 1669 479 1722 in
498 1668 690 1738 distinguendo
711 1669 801 1723 Vitam
822 1671 971 1724 secundam
996 1671 1032 1740 (p.
1052 1670 1157 1738 35101)
1178 1687 1195 1725 a
1215 1671 1296 1725 tertia

61 1776 97 1837 (p.
112 1770 161 1822 105
172 1767 251 1838 squ).
264 1769 377 1838 Insuper
386 1768 464 1822 codd.
474 1768 593 1822 Bruxeil.
605 1785 631 1822 n
644 1769 750 1822 rtur-tu
762 1775 789 1823 et
798 1785 824 1822 n.
837 1769 902 1823 tuit
915 1769 1067 1838 (inquibus
1083 1772 1180 1825 eadem
1193 1770 1219 1825 S.
1232 1770 1296 1825 Ger·

60 1868 218 1922 tmdisi'ita
227 1868 370 1937 reperitur)
383 1867 500 1921 adhibiti
513 1873 578 1921 sunt
589 1868 623 1921 ad
633 1867 770 1922 edendum
781 1868 827 1921 bic
838 1867 985 1936 Prologum
995 1868 1042 1936 qui
1051 1868 1124 1938 apud
1134 1869 1295 1938 Ryckelium

62 1968 243 2021 desideratur.

144 2184 274 2257 Incipit
294 2186 465 2258 prologus
485 2185 523 2243 tn
543 2185 623 2244 vita
643 2186 783 2244 sanctae
805 2186 996 2245 Gertrudts
1015 2186 1171 2260 vtrsstuts
1192 2184 1213 2247 ¹.

105 2392 135 2448 1.
159 2392 227 2446 Cum
249 2392 261 2426 1
281 2396 438 2446 sanctorum
457 2392 521 2456 vita,
541 2393 626 2446 sacris
646 2393 788 2446 recondita
808 2392 1003 2458 voluminibus,
1025 2395 1155 2449 omnihus
1175 2396 1297 2451 ecclesiis

59 2491 271 2546 aedificationem
284 2490 380 2559 pariat,
388 2489 509 2543 maxime
522 2495 615 2545 tamen
627 2506 800 2559 unaquaeque
812 2489 928 2544 ecclesia
940 2490 968 2545 iu
980 2492 1185 2546 aemuiationem
1198 2494 1298 2547 sancti·

58 2590 123 2644 tatis
143 2589 282 2651 incitatur,
302 2604 365 2641 cum
386 2588 420 2641 ad
445 2605 514 2657 opus
537 2589 642 2642 bouum
663 2583 822 2641 domesticis
844 2604 958 2642 suorum
978 2595 1138 2644 sanctorum
1162 2590 1298 2659 exemplis

59 2689 204 2743 instruitur
220 2688 240 2741 ³.
259 2686 401 2755 Siquidem
420 2686 481 2755 pius
499 2686 596 2740 Romae
617 2687 628 2721 1
646 2686 763 2741 contulit
779 2687 807 2739 in
826 2686 999 2741 confessione
1018 2687 1119 2742 Christi
1139 2690 1298 2744 veneranda

57 2805 161 2842 corona
177 2787 366 2857 apostotorum
378 2785 452 2839 Petri
470 2790 497 2838 et
514 2784 591 2839 Pauli
609 2785 838 2855 propriorumque
850 2785 1012 2854 pontificum
1030 2803 1080 2841 seu
1097 2787 1199 2842 civium
1218 2788 1297 2843 nobi·

57 2888 163 2941 lissima
183 2886 322 2954 martyria,
343 2902 427 2953 quam
446 2889 641 2939 extraneorum
661 2885 851 2939 confessorum
862 2885 874 2919 1
885 2885 994 2938 infinita
1005 2884 1100 2939 millia.
1119 2886 1187 2940 Item
1205 2903 1297 2956 pugna

56 2985 153 3039 inricti
162 3001 194 3037 ac
206 3000 255 3053 per
267 2983 360 3037 onmia
369 2999 467 3036 sanum
481 2988 508 3036 et
520 2983 643 3036 divinum
656 2983 786 3052 sapientis
797 2984 941 3037 Athanasii
952 2984 1051 3038 t'ortius
1061 2985 1095 3038 ad
1105 2986 1295 3041 defensionem

57 3085 121 3137 tidei
134 3083 252 3137 erudivit
268 3082 471 3145 Alexandriam,
489 3062 574 3150 quam
592 3081 653 3135 aliis
670 3082 742 3135 taeta
760 3081 788 3136 in
806 3081 874 3136 locis
893 3083 1058 3137 densissima
1074 3085 1295 3138 orthodoxorum

56 3180 257 3236 conventicula.
274 3182 318 3235 Sic
336 3197 509 3249 unaquaeque
521 3180 617 3234 civitas
636 3180 722 3234 artius
739 3180 869 3249 amplecti
887 3197 919 3234 ac
938 3182 1092 3250 promptius
1110 3182 1212 3236 imitari
1231 3199 1295 3237 con·

56 3282 154 3341 suerit,
174 3282 197 3335 si
217 3297 285 3350 quas
303 3281 426 3343 virtutes,
444 3280 466 3333 si
487 3297 543 3348 qua
561 3281 715 3334 sanctitatis
733 3296 816 3348 opera
828 3281 840 3315 1
853 3280 886 3334 de
899 3280 1006 3334 civibus
1017 3281 1074 3334 suis
1084 3281 1190 3350 accepit
1199 3281 1217 3335 1.
1227 3282 1295 3349 Quae

55 3396 119 3433 cum
140 3379 178 3431 ita
197 3378 259 3443 sint,
278 3377 504 3447 operaepretium
524 3377 660 3441 existimo,
679 3377 714 3430 ad
731 3376 941 3431 edificationem
959 3383 1116 3432 sanctarum
1136 3378 1294 3447 virginum⁸

55 3478 210 3546 specialiter
230 3484 331 3532 nostrie
352 3477 482 3535 ecclesie,
494 3494 555 3545 quae
575 3478 648 3530 Deus
669 3475 773 3530 dederit
794 3476 868 3542 (fons
887 3476 978 3530 omnis
994 3477 1137 3545 sapientire
1157 3481 1186 3531 et
1208 3478 1294 3533 totius

55 3579 133 3647 origo
144 3577 262 3641 consilii)
275 3577 308 3631 de
319 3578 375 3629 rita
393 3575 558 3629 beatissimae
568 3575 679 3644 virginis
691 3575 831 3631 Gertrudis
843 3574 986 3644 explicare,
996 3582 1034 3640 ut,
1045 3577 1110 3631 licet
1124 3579 1154 3632 in
1164 3579 1294 3634 manibus

55 3678 179 3732 habeant
191 3676 304 3746 Agnetis
321 3681 349 3729 et
365 3675 480 3744 Agatha
498 3675 670 3744 aliammque
682 3674 817 3743 virgiuum
831 3675 990 3734 certamina,
1008 3675 1096 3744 magis
1108 3682 1203 3732 tamen
1219 3678 1294 3733 deie-

54 3782 172 3839 cientur,
189 3781 220 3830 ut
238 3775 333 3829 fideles
350 3774 413 3827 filiae
431 3780 459 3827 ct
476 3775 583 3827 devotas
600 3774 719 3839 tantulae,
731 3779 832 3827 sanctae
849 3774 945 3828 matris
954 3791 986 3828 ac
999 3776 1162 3830 venerabilis
1174 3777 1293 3832 dominae

88 3962 98 3993 ¹
112 3960 267 4023 (uariantes
276 3959 401 4010 lectiones
412 3965 476 4010 crint
487 3959 543 4010 cod.
555 3960 672 4019 7487-91,
684 3973 761 4024 parm
773 3957 944 4023 sipuobr‘mus
955 3974 1068 4010 numero
1079 3961 1104 4023 2,
1116 3967 1139 4011 et
1151 3961 1207 4012 cod.
1219 3964 1294 4025 7917,

53 4060 131 4111 prtem
152 4043 323 4107 sipnnbimus
339 4057 451 4093 uunrrro
462 4044 487 4105 3,
504 4042 798 4102 cinnamomum-01
816 4041 931 4092 codicem
948 4057 1026 4107 quem
1048 4041 1092 4092 hic
1112 4043 1292 4103 recensemus)

53 4123 162 4177 eximiae
174 4122 286 4191 virginis
297 4123 329 4183 a;
342 4121 456 4189 virginis
468 4126 495 4176 et
507 4121 655 4174 abbatissas
663 4122 687 4173 3.
698 4150 717 4159 -
739 4121 798 4174 iito
808 4121 832 4184 2,
841 4121 873 4183 3;
886 4122 957 4174 Dum
969 4122 991 4174 l.
1001 4151 1033 4158 -
1042 4122 1054 4155 1
1064 4123 1098 4186 (e.
1108 4121 1136 4187 i.)
1146 4123 1207 4178 inst.
1217 4139 1259 4177 ex.
1268 4124 1292 4177 3.

52 4208 107 4245 -1
120 4206 158 4272 (ρ.
170 4205 214 4270 Ρι.)
228 4205 261 4258 R.
273 4221 299 4274 p.
308 4205 332 4257 3.
344 4231 376 4242 -
389 4205 400 4238 1
413 4222 462 4257 om.
475 4206 498 4256 a.
510 4231 542 4241 -
555 4205 566 4237 1
579 4219 661 4271 opere
670 4204 694 4256 3.
720 4233 739 4241 -
752 4203 762 4236 1
774 4199 910 4272 acceperit
921 4204 944 4256 1.).
953 4230 986 4242 -
999 4203 1011 4237 1
1022 4208 1049 4256 et
1061 4206 1124 4257 odd.
1136 4205 1160 4258 3.

87 4387 125 4451 (1)
139 4386 237 4439 Cetera
249 4402 266 4438 a
279 4384 456 4454 Reiffenberg
467 4384 602 4438 recensita
614 4383 715 4437 videsis
734 4383 761 4437 in
773 4384 910 4437 Butten'us
927 4386 960 4438 de
976 4385 1140 4439 l'Acodlnu'e
1152 4388 1243 4454 royau
1259 4389 1292 4441 de

53 4471 208 4533 Bruxeltrs,
218 4473 285 4522 tom.
295 4468 318 4522 X
328 4468 425 4534 (1843),
433 4473 503 4537 part.
514 4484 531 4531 1,
543 4483 568 4536 p.
577 4467 688 4520 uit-unt
699 4470 727 4520 et
738 4482 765 4534 p.
776 4466 896 4520 atta-370.
