3142 5392
165 307 235 378 too
499 327 624 379 cirin.
651 327 753 378 cono.
780 327 1056 381 uioroonrcarc.

203 521 237 578 5.
262 521 414 575 Proconsul
427 522 461 573 ad
471 521 634 589 Perpetuam
646 520 729 574 dixit:
739 523 812 587 Quid
823 525 900 589 dicis,
912 525 1046 592 Perpetua
1055 528 1072 578 i
1082 527 1228 592 Sacrificat
1236 532 1250 581 t
1259 528 1358 599 Permtu
1415 598 1424 605 Ι

162 620 320 688 respondit:
332 622 491 673 Christiana
503 626 604 675 sumet
619 621 737 672 nominis
748 621 801 671 mei
816 637 917 688 sequor
927 625 1125 687 actuoritatem,
1143 631 1174 676 ut
1191 627 1242 677 eim
1253 635 1358 695 papiu
1412 624 1424 689 j

162 719 312 773 Proconsul
334 719 420 772 dixit:
439 721 568 771 Parentes
586 720 690 771 trabes?
707 718 841 788 Perpetua
861 719 1002 788 respondit
1019 723 1144 776 :Hatra
1164 722 1304 779 Audientes
1315 742 1359 783 rere
1415 724 1424 730 “

161 821 239 884 pater
256 821 284 869 et
300 821 397 877 mater,
410 821 437 868 et
457 816 555 868 iratres
575 821 603 868 et
622 816 743 877 niaritus
760 815 842 869 simul
860 833 923 869 curn
944 817 1059 886 parvulo
1077 820 1138 886 ejus
1156 819 1204 888 qui
1221 826 1276 875 erat
1288 822 1360 889 adise

163 920 304 978 venerunt,
315 932 378 968 curn
391 920 483 968 essent
491 915 525 967 de
534 914 619 968 nobili
631 931 737 983 genere.
746 916 779 968 Et
792 915 887 968 ridens
899 932 961 969 eam
973 921 1052 985 pater
1063 918 1124 984 ejus
1133 923 1252 974 stantem
1261 924 1381 992 annuet

162 1011 282 1065 consulis
294 1012 428 1066 tribunal.
439 1012 539 1064 cadens
556 1011 584 1063 in
596 1011 694 1064 taciem
711 1028 798 1075 suam,
810 1012 878 1065 dixit
890 1013 924 1066 ad
934 1030 996 1067 earn
1008 1016 1110 1070 :Frtim
1122 1019 1188 1083 jam
1200 1036 1252 1072 non
1266 1022 1322 1088 titio,
1332 1024 1364 1077 st

161 1113 281 1177 dominu,
290 1114 512 1164 miserereatutis
521 1127 590 1174 nica,
596 1114 745 1178 patristui,
754 1113 780 1164 si
787 1119 875 1165 tamen
884 1116 1051 1167 mereordici
1057 1124 1143 1183 pater
1151 1121 1364 1181 ,miseramus

162 1219 220 1273 tua,
232 1228 290 1278 qttoe
302 1219 326 1264 te
343 1214 380 1263 ad
400 1213 479 1263 tutem
499 1213 592 1276 {torem
608 1213 693 1263 atatis
707 1213 888 1278 perduximus
898 1216 1044 1267 :miserere
1059 1216 1201 1280 srrrtribus
1217 1222 1278 1284 tuis,
1292 1223 1365 1274 utut

163 1310 350 1375 infelicissimo
364 1312 423 1360 ciro
432 1315 485 1370 tuo,
495 1310 533 1360 ret
539 1310 733 1375 parentorum,
745 1311 794 1376 qui
801 1317 863 1376 post
878 1317 903 1362 te
918 1313 1004 1363 virere
1015 1329 1070 1365 non
1077 1317 1190 1380 poterit.
1208 1317 1306 1384 Depone
1317 1319 1366 1373 test

162 1410 355 1474 capitationem.
376 1409 458 1461 hemo
475 1409 546 1459 cuim
563 1414 685 1460 nostrum
701 1416 763 1475 post
779 1415 803 1461 te
822 1411 907 1481 virm
930 1412 1051 1476 poterit;
1075 1414 1144 1479 quio
1164 1415 1213 1467 troc
1235 1420 1317 1482 perrari
1329 1435 1366 1471 rte

162 1522 305 1573 nunquam
314 1509 432 1572 coutiqit.

205 1602 239 1660 6.
263 1602 400 1670 Perpetua
414 1618 479 1654 vero
491 1602 582 1654 stabat
593 1601 758 1661 immobilis;
776 1607 804 1655 et
814 1602 962 1671 respiciens
979 1603 1006 1657 in
1027 1604 1136 1669 coelurn,
1153 1607 1222 1661 dixit
1241 1610 1273 1662 ad
1289 1616 1366 1679 patrem

163 1719 260 1757 suum:
274 1703 365 1759 Pater,
376 1701 433 1752 noti
443 1701 537 1751 cereri.
547 1700 706 1765 Perpetuam
718 1702 797 1764 enim,
803 1700 890 1765 fitium
899 1708 983 1765 tuoni,
992 1703 1018 1753 si
1025 1718 1079 1754 uon
1089 1703 1234 1771 obstiteris,
1242 1714 1367 1774 prr-pm

163 1804 248 1868 fitium
263 1800 423 1868 possidebis.
441 1795 591 1850 Proconsul
603 1796 672 1849 dixit
681 1797 716 1850 ad
725 1812 786 1850 earn
810 1817 817 1849 ε
839 1799 961 1851 lloeeant
978 1806 1002 1852 te
1023 1808 1047 1852 et
1069 1804 1185 1855 excitent
1201 1805 1263 1856 ad*
1279 1807 1367 1859 idern

164 1902 283 1954 lacrima
294 1906 442 1966 parentum
459 1905 577 1961 tuorum,
591 1903 721 1962 praterea
738 1903 761 1948 rt
778 1914 850 1950 uoces
865 1899 980 1964 pernicii
996 1901 1045 1952 tui.
1071 1899 1208 1969 Perpetua
1234 1902 1395 1972 temnunt

165 2000 303 2052 Moecbrmt
321 2015 361 2049 me
377 1998 497 2048 lacrima
513 2011 613 2059 eornm,
629 1996 656 2046 si
672 2012 689 2046 a
701 2002 840 2062 conspectu
858 1996 970 2048 Domini
987 2005 1010 2049 ct
1027 2015 1045 2050 u
1063 2003 1199 2052 consortio
1217 2002 1275 2066 uns
1290 2008 1368 2054 mnne

78 2135 85 2148 .
110 2114 130 2146 ,τ
163 2114 226 2151 rum
235 2098 257 2164 *,
265 2115 327 2150 curn
345 2098 442 2165 quibus
455 2113 507 2163 per
524 2097 651 2147 visionem
662 2096 976 2161 maamfrnctibusbonis
992 2114 1053 2150 sum
1072 2101 1207 2166 copulato,
1217 2103 1367 2167 swendet

48 2200 62 2240 ¹-
80 2163 120 2216 Μ·
162 2200 277 2251 iuvetite.
289 2196 370 2249 Pater
381 2211 445 2248 vero
456 2194 522 2261 ejus,
531 2193 636 2261 jactans
648 2191 781 2246 infantem
794 2193 822 2246 in
834 2193 904 2247 collo
922 2195 989 2262 eJ'us,
998 2200 1025 2249 et
1044 2196 1103 2265 ipse
1115 2214 1178 2252 curn
1197 2204 1284 2258 matre
1292 2204 1316 2254 et
1326 2199 1367 2253 rin

87 2267 93 2279 ⁹
162 2299 288 2349 tenentes
300 2311 414 2347 manum
427 2293 485 2359 ejus
503 2297 531 2345 et
550 2291 653 2355 flentes
666 2290 860 2345 osculabantur
878 2292 999 2347 dicentes
1010 2314 1016 2348 :
1029 2296 1161 2350 Miserere
1178 2302 1273 2366 nomm,
1286 2301 1368 2367 fitium

164 2397 217 2447 rire
226 2396 373 2447 nobiscnm.
383 2393 419 2446 At
431 2391 477 2444 illa
489 2390 634 2459 projiciens
646 2389 778 2443 infantem
791 2407 894 2460 eosque
912 2393 1055 2462 repellens,
1072 2395 1142 2449 dixit
1154 2417 1161 2450 τ
1173 2398 1290 2453 Recedite
1305 2415 1320 2451 a
1332 2390 1394 2461 se!

162 2496 286 2561 operarii
301 2495 458 2560 iniqnitatis
474 2511 483 2544 :
502 2492 568 2558 prtia
586 2507 639 2542 non
658 2491 719 2542 nori
737 2507 789 2543 eos.
807 2492 867 2545 Non
885 2494 956 2544 enirn
977 2501 1070 2560 potero
1097 2498 1220 2550 meliores
1236 2505 1259 2550 rt
1277 2498 1366 2564 mire

162 2611 207 2646 nos
220 2594 311 2658 farere
328 2596 393 2653 Deo.
406 2594 455 2659 qni
468 2609 507 2643 nte
524 2593 561 2643 nd
571 2593 640 2643 tiniec
647 2593 764 2655 pieriam
773 2592 918 2657 perducere
927 2593 1056 2658 dipnatus
1067 2601 1113 2647 cst.

204 2690 238 2745 7.
265 2690 364 2742 Videns
383 2704 449 2741 roro
468 2686 613 2756 proconsul
631 2704 726 2740 eorum
749 2687 988 2754 perseverantiam,
1009 2689 1072 2742 data
1098 2691 1236 2745 sententia
1258 2692 1366 2755 Saturum,

163 2788 340 2843 Saturninum
360 2790 387 2839 ct
407 2786 577 2837 Revocatum
593 2783 706 2852 flagellis
719 2800 811 2846 cissos,
828 2783 997 2838 Felicitatem
1015 2790 1043 2839 et
1054 2786 1218 2856 Perpetuam
1241 2789 1365 2858 exarmat

165 2888 192 2941 in
202 2902 340 2940 carcerem
353 2883 435 2952 recipi
454 2882 587 2952 pracepit,
598 2886 628 2934 ut
640 2882 667 2934 in
679 2882 785 2934 casaris
795 2882 878 2935 natali
891 2882 985 2935 bestiis
995 2883 1178 2940 mitterentur.
1193 2872 1395 2941 triuncem!

76 2990 79 3001 '
165 2987 322 3050 incarcere,
341 2985 440 3037 iterum
459 2982 527 3035 ridit
539 2981 672 3035 visionem
691 2982 826 3049 Perpetua
844 3000 850 3034 ε
867 2982 1019 3051 AEgyptium
1037 2985 1187 3051 quemdam
1208 2986 1365 3040 horridumet

164 3085 272 3153 nigrum
280 3084 424 3150 jacentem,
438 3086 465 3134 et
477 3081 645 3134 volutantem
656 3098 685 3133 se
694 3081 746 3133 sub
756 3081 870 3149 pedibus
879 3097 975 3134 eorum
985 3101 991 3145 ;
1001 3083 1149 3153 retulitque
1159 3086 1258 3139 sanctis
1266 3083 1365 3139 iratribtt

164 3188 192 3237 et
209 3182 437 3250 commartyribus
449 3180 513 3233 suis
525 3180 561 3232 At
573 3179 611 3232 illi
623 3179 810 3247 intelligentes
819 3179 920 3248 gratias
929 3186 1043 3249 egerunt
1054 3182 1183 3247 Domino,
1192 3184 1247 3252 qui,
1258 3186 1364 3254 prostrato

164 3281 276 3335 inimico
288 3279 403 3333 humani
414 3278 528 3348 generis
538 3294 585 3331 eos
597 3278 677 3331 laude
689 3278 811 3345 martyrii
821 3278 917 3346 dignos
928 3278 1065 3333 habuerit.
1081 3280 1305 3337 Contristantihus
1317 3293 1365 3334 rere
1420 3338 1424 3371 Ι

165 3379 204 3433 cis
214 3379 247 3431 de
260 3378 398 3432 Felicitate
409 3377 483 3444 quod
493 3381 564 3430 esset
573 3392 714 3444 praegnans
725 3375 865 3427 mensibus
878 3381 948 3437 octo,
959 3381 1113 3431 statuerunt
1124 3380 1288 3434 unanimiter
1296 3370 1394 3448 proce!
1418 3386 1424 3429 t

164 3493 274 3546 precem
287 3477 321 3529 ad
330 3475 480 3530 Dominum
490 3475 611 3528 tundere.
621 3475 654 3527 nt
670 3475 736 3528 dum
755 3480 871 3538 orarent,
885 3475 976 3528 subito
998 3475 1080 3529 enixa
1096 3482 1139 3531 est
1156 3479 1257 3533 virum.
1276 3477 1366 3546 Quidam
1421 3494 1424 3553 j

165 3592 230 3630 vero
240 3576 274 3628 de
283 3575 444 3629 custodibus
453 3573 522 3627 dixit
530 3573 565 3625 ad
574 3590 635 3626 eam
648 3594 654 3627 ε
667 3576 739 3640 Quid
749 3575 860 3641 scauro
871 3592 899 3627 es
908 3592 967 3627 cnm
987 3579 1091 3630 renuis
1108 3580 1140 3630 in
1161 3581 1368 3647 amphitheatrum

164 3691 222 3743 qua
231 3675 332 3726 tatibus
341 3675 470 3726 detineris
478 3674 641 3725 tormentis?
652 3670 777 3724 Felicitas
786 3672 940 3739 respondit:
951 3674 1004 3725 llic
1020 3691 1066 3741 epo
1078 3679 1196 3743 crucior,
1213 3679 1252 3730 rbi
1267 3694 1320 3731 uero
1331 3688 1369 3743 pti
1422 3678 1424 3733 j

166 3790 205 3825 mc
217 3774 353 3826 Dominus
367 3775 496 3838 potietur.

204 3869 239 3928 8.
264 3869 347 3922 Facto
363 3868 453 3936 itaque
465 3867 509 3919 die
522 3865 620 3919 natalis
632 3866 747 3929 caesaris,
765 3882 914 3919 concursus
931 3865 1026 3936 ingens
1046 3867 1131 3923 fiebat
1146 3871 1241 3940 populi
1252 3872 1280 3926 in
1290 3856 1407 3939 arnph'rn

162 3967 310 4028 theatrum,
318 3965 353 4016 ad
361 3963 544 4033 spectaculum
556 3979 659 4016 corum.
670 3961 823 4014 Procedens
833 3977 898 4015 vero
908 3962 1117 4030 proconsuleos
1125 3964 1153 4018 in
1162 3966 1376 4035 amphitheatrum

164 4066 276 4134 produci
285 4062 422 4134 praecepit
440 4061 574 4114 Euntibus
583 4076 648 4113 vero
658 4059 717 4120 illis,
728 4060 894 4128 sequebatur
902 4064 929 4114 et
938 4061 1073 4127 Felicitas,
1086 4079 1147 4132 quie
1156 4080 1191 4118 ex
1200 4066 1327 4136 sanguine
1333 4079 1379 4120 ur·

163 4165 205 4219 nis
219 4165 254 4218 ad
271 4161 431 4231 sanguinem
451 4160 547 4214 salutis
559 4160 708 4214 ducebatur
719 4164 746 4213 et
761 4159 797 4212 ab
814 4159 959 4213 obstetrice
972 4161 1006 4214 ad
1018 4161 1148 4230 gladium,
1168 4169 1197 4218 et
1208 4165 1243 4218 de
1259 4164 1382 4220 lavatione

162 4267 341 4332 postpartum
354 4259 444 4313 balnei
460 4258 601 4327 sanguinis
618 4258 751 4312 effusione
768 4258 869 4312 meruit
888 4258 1018 4313 dealbari.
1031 4260 1209 4317 Acclamante
1230 4281 1295 4319 vero
1306 4265 1384 4330 turbs,

161 4361 244 4432 positi
256 4361 357 4415 suntin
367 4358 459 4413 medio
472 4358 677 4427 amphitheatri,
686 4358 760 4422 nudi,
772 4357 860 4427 ligatis
872 4363 935 4427 post
953 4364 1060 4428 tergum
1073 4361 1219 4426 manibus;
1232 4368 1260 4418 et
1277 4355 1424 4419 omisit

162 4461 256 4515 bestiis
265 4458 387 4521 diversis,
397 4458 511 4511 Saturus
523 4461 551 4511 et
562 4458 697 4526 Perpetua
708 4473 724 4510 a
734 4457 859 4510 leonibus
878 4458 1002 4511 devorati
1011 4463 1084 4524 sunt,
1100 4459 1265 4516 Saturninus
1279 4479 1342 4517 rero
1357 4461 1388 4515 ab

162 4559 233 4613 ursis
248 4563 350 4623 erutus,
362 4555 452 4626 gladio
466 4561 507 4610 est
519 4572 671 4625 percussus.
684 4556 840 4610 Revocatus
857 4560 885 4610 et
904 4555 1031 4610 Felicitas
1050 4573 1068 4611 a
1086 4557 1225 4629 leopardis
1247 4561 1389 4632 gloriosum

162 4671 278 4725 agonem
292 4653 481 4723 impleverunt.
