<?xml version="1.0" encoding="UTF-8"?>
<!DOCTYPE html PUBLIC "-//W3C//DTD XHTML 1.0 Transitional//EN"
    "http://www.w3.org/TR/xhtml1/DTD/xhtml1-transitional.dtd">
<html xmlns="http://www.w3.org/1999/xhtml" xml:lang="en" lang="en">
 <head>
  <title>
</title>
<meta http-equiv="Content-Type" content="text/html;charset=utf-8" />
  <meta name='ocr-system' content='tesseract 3.04.00' />
  <meta name='ocr-capabilities' content='ocr_page ocr_carea ocr_par ocr_line ocrx_word'/>
</head>
<body>
  <div class='ocr_page' id='page_1' title='image "./cataloguscodicu01belggoog_0302.png"; bbox 0 0 3248 5392; ppageno 0'>
   <div class='ocr_carea' id='block_1_1' title="bbox 197 370 1324 445">
    <p class='ocr_par' dir='ltr' id='par_1_1' title="bbox 197 370 1324 445">
     <span class='ocr_line' id='line_1_1' title="bbox 197 370 1324 445; baseline 0.002 -3"><span class='ocrx_word' id='word_1_1' title='bbox 197 392 288 442; x_wconf 80' lang='lat' dir='ltr'><strong>aren.</strong></span> <span class='ocrx_word' id='word_1_2' title='bbox 315 390 396 444; x_wconf 81' lang='lat' dir='ltr'><strong>aaa.</strong></span> <span class='ocrx_word' id='word_1_3' title='bbox 422 391 594 444; x_wconf 75' lang='lat' dir='ltr'><strong>nannum.</strong></span> <span class='ocrx_word' id='word_1_4' title='bbox 621 411 668 422; x_wconf 94' lang='lat'>-</span> <span class='ocrx_word' id='word_1_5' title='bbox 694 390 842 443; x_wconf 72' lang='lat' dir='ltr'><strong>meran.</strong></span> <span class='ocrx_word' id='word_1_6' title='bbox 868 391 915 443; x_wconf 76' lang='lat' dir='ltr'><strong>an</strong></span> <span class='ocrx_word' id='word_1_7' title='bbox 941 390 1020 443; x_wconf 89' lang='lat' dir='ltr'><strong>con.</strong></span> <span class='ocrx_word' id='word_1_8' title='bbox 1047 382 1085 443; x_wconf 63' lang='grc' dir='ltr'><strong>ΝΟ</strong></span> <span class='ocrx_word' id='word_1_9' title='bbox 1111 391 1219 445; x_wconf 79' lang='lat' dir='ltr'><strong>raa-n.</strong></span> <span class='ocrx_word' id='word_1_10' title='bbox 1252 370 1324 444; x_wconf 75' lang='lat' dir='ltr'><strong>ata</strong></span> 
     </span>
    </p>
   </div>
   <div class='ocr_carea' id='block_1_2' title="bbox 54 579 1346 4804">
    <p class='ocr_par' dir='ltr' id='par_1_2' title="bbox 54 579 1346 4804">
     <span class='ocr_line' id='line_1_2' title="bbox 95 579 1330 651; baseline 0.002 -19"><span class='ocrx_word' id='word_1_11' title='bbox 95 579 166 633; x_wconf 89' lang='lat' dir='ltr'><strong>bant</strong></span> <span class='ocrx_word' id='word_1_12' title='bbox 185 579 267 633; x_wconf 91' lang='lat' dir='ltr'><strong>amici</strong></span> <span class='ocrx_word' id='word_1_13' title='bbox 286 580 357 649; x_wconf 86' lang='lat' dir='ltr'><strong>regis</strong></span> <span class='ocrx_word' id='word_1_14' title='bbox 373 585 402 634; x_wconf 92' lang='lat' dir='ltr'><strong>et</strong></span> <span class='ocrx_word' id='word_1_15' title='bbox 413 580 516 643; x_wconf 84' lang='lat' dir='ltr'><strong>fideles,</strong></span> <span class='ocrx_word' id='word_1_16' title='bbox 527 580 610 635; x_wconf 86' lang='lat' dir='ltr'><strong>simul</strong></span> <span class='ocrx_word' id='word_1_17' title='bbox 626 585 654 634; x_wconf 93' lang='lat' dir='ltr'><strong>et</strong></span> <span class='ocrx_word' id='word_1_18' title='bbox 670 581 785 635; x_wconf 79' lang='lat' dir='ltr'><strong>ambitio</strong></span> <span class='ocrx_word' id='word_1_19' title='bbox 803 581 885 636; x_wconf 92' lang='lat' dir='ltr'><strong>nimis</strong></span> <span class='ocrx_word' id='word_1_20' title='bbox 906 581 1051 645; x_wconf 70' lang='lat' dir='ltr'><strong>obcaecata,</strong></span> <span class='ocrx_word' id='word_1_21' title='bbox 1069 597 1123 651; x_wconf 87' lang='lat' dir='ltr'><strong>qua</strong></span> <span class='ocrx_word' id='word_1_22' title='bbox 1135 581 1265 635; x_wconf 80' lang='lat' dir='ltr'><strong>volebant</strong></span> <span class='ocrx_word' id='word_1_23' title='bbox 1276 580 1330 634; x_wconf 89' lang='lat' dir='ltr'><strong>sibi</strong></span> 
     </span>
     <span class='ocr_line' id='line_1_3' title="bbox 96 678 1329 750; baseline 0.001 -19"><span class='ocrx_word' id='word_1_24' title='bbox 96 678 245 733; x_wconf 83' lang='lat' dir='ltr'><strong>vendicare</strong></span> <span class='ocrx_word' id='word_1_25' title='bbox 254 695 391 733; x_wconf 88' lang='lat' dir='ltr'><strong>summam</strong></span> <span class='ocrx_word' id='word_1_26' title='bbox 403 683 431 733; x_wconf 91' lang='lat' dir='ltr'><strong>et</strong></span> <span class='ocrx_word' id='word_1_27' title='bbox 446 680 560 748; x_wconf 79' lang='lat' dir='ltr'><strong>gratiam</strong></span> <span class='ocrx_word' id='word_1_28' title='bbox 579 685 607 733; x_wconf 92' lang='lat' dir='ltr'><strong>et</strong></span> <span class='ocrx_word' id='word_1_29' title='bbox 618 679 741 734; x_wconf 84' lang='lat' dir='ltr'><strong>favorem</strong></span> <span class='ocrx_word' id='word_1_30' title='bbox 753 679 825 750; x_wconf 87' lang='lat' dir='ltr'><strong>regis</strong></span> <span class='ocrx_word' id='word_1_31' title='bbox 837 696 965 750; x_wconf 86' lang='lat' dir='ltr'><strong>nequam.</strong></span> <span class='ocrx_word' id='word_1_32' title='bbox 977 681 1030 734; x_wconf 85' lang='lat' dir='ltr'><strong>Sed</strong></span> <span class='ocrx_word' id='word_1_33' title='bbox 1043 680 1123 734; x_wconf 89' lang='lat' dir='ltr'><strong>aliter</strong></span> <span class='ocrx_word' id='word_1_34' title='bbox 1133 682 1191 734; x_wconf 91' lang='lat' dir='ltr'><strong>Deo</strong></span> <span class='ocrx_word' id='word_1_35' title='bbox 1203 680 1329 742; x_wconf 88' lang='lat' dir='ltr'><strong>faciente,</strong></span> 
     </span>
     <span class='ocr_line' id='line_1_4' title="bbox 97 777 1330 849; baseline 0.001 -18"><span class='ocrx_word' id='word_1_36' title='bbox 97 782 178 832; x_wconf 91' lang='lat' dir='ltr'><strong>tanto</strong></span> <span class='ocrx_word' id='word_1_37' title='bbox 197 777 300 832; x_wconf 88' lang='lat' dir='ltr'><strong>scelere</strong></span> <span class='ocrx_word' id='word_1_38' title='bbox 315 783 470 847; x_wconf 87' lang='lat' dir='ltr'><strong>perpetrato</strong></span> <span class='ocrx_word' id='word_1_39' title='bbox 490 778 526 831; x_wconf 90' lang='lat' dir='ltr'><strong>ab</strong></span> <span class='ocrx_word' id='word_1_40' title='bbox 541 779 617 832; x_wconf 92' lang='lat' dir='ltr'><strong>omni</strong></span> <span class='ocrx_word' id='word_1_41' title='bbox 627 779 680 832; x_wconf 89' lang='lat' dir='ltr'><strong>hac</strong></span> <span class='ocrx_word' id='word_1_42' title='bbox 697 795 745 848; x_wconf 84' lang='lat' dir='ltr'><strong>spe</strong></span> <span class='ocrx_word' id='word_1_43' title='bbox 765 779 839 832; x_wconf 86' lang='lat' dir='ltr'><strong>mala</strong></span> <span class='ocrx_word' id='word_1_44' title='bbox 858 779 971 849; x_wconf 87' lang='lat' dir='ltr'><strong>maligni</strong></span> <span class='ocrx_word' id='word_1_45' title='bbox 982 779 1109 834; x_wconf 89' lang='lat' dir='ltr'><strong>homines</strong></span> <span class='ocrx_word' id='word_1_46' title='bbox 1129 778 1246 833; x_wconf 89' lang='lat' dir='ltr'><strong>inaniter</strong></span> <span class='ocrx_word' id='word_1_47' title='bbox 1263 780 1330 833; x_wconf 94' lang='lat' dir='ltr'><strong>ceci-</strong></span> 
     </span>
     <span class='ocr_line' id='line_1_5' title="bbox 98 875 1330 949; baseline 0.002 -20"><span class='ocrx_word' id='word_1_48' title='bbox 98 875 209 930; x_wconf 79' lang='lat' dir='ltr'><strong>derunt</strong></span> <span class='ocrx_word' id='word_1_49' title='bbox 230 877 314 946; x_wconf 84' lang='lat' dir='ltr'><strong>Igitur</strong></span> <span class='ocrx_word' id='word_1_50' title='bbox 335 878 362 932; x_wconf 90' lang='lat' dir='ltr'><strong>in</strong></span> <span class='ocrx_word' id='word_1_51' title='bbox 386 879 518 948; x_wconf 86' lang='lat' dir='ltr'><strong>templum</strong></span> <span class='ocrx_word' id='word_1_52' title='bbox 541 880 590 934; x_wconf 88' lang='lat' dir='ltr'><strong>Dei</strong></span> <span class='ocrx_word' id='word_1_53' title='bbox 614 880 708 934; x_wconf 88' lang='lat' dir='ltr'><strong>hostes</strong></span> <span class='ocrx_word' id='word_1_54' title='bbox 733 881 781 935; x_wconf 91' lang='lat' dir='ltr'><strong>Dei</strong></span> <span class='ocrx_word' id='word_1_55' title='bbox 806 880 908 949; x_wconf 89' lang='lat' dir='ltr'><strong>pariter</strong></span> <span class='ocrx_word' id='word_1_56' title='bbox 928 881 1069 944; x_wconf 86' lang='lat' dir='ltr'><strong>irruentes,</strong></span> <span class='ocrx_word' id='word_1_57' title='bbox 1090 879 1210 934; x_wconf 89' lang='lat' dir='ltr'><strong>clamore</strong></span> <span class='ocrx_word' id='word_1_58' title='bbox 1230 895 1330 948; x_wconf 85' lang='lat' dir='ltr'><strong>magno</strong></span> 
     </span>
     <span class='ocr_line' id='line_1_6' title="bbox 62 974 1332 1046; baseline 0.002 -18"><span class='ocrx_word' id='word_1_59' title='bbox 62 989 78 1036; x_wconf 75' lang='lat' dir='ltr'><strong>n</strong></span> <span class='ocrx_word' id='word_1_60' title='bbox 97 974 126 1028; x_wconf 91' lang='lat' dir='ltr'><strong>in</strong></span> <span class='ocrx_word' id='word_1_61' title='bbox 148 975 210 1030; x_wconf 92' lang='lat' dir='ltr'><strong>loco</strong></span> <span class='ocrx_word' id='word_1_62' title='bbox 222 982 317 1031; x_wconf 90' lang='lat' dir='ltr'><strong>sancto</strong></span> <span class='ocrx_word' id='word_1_63' title='bbox 338 978 495 1033; x_wconf 80' lang='lat' dir='ltr'><strong>terribiliter</strong></span> <span class='ocrx_word' id='word_1_64' title='bbox 514 979 692 1033; x_wconf 83' lang='lat' dir='ltr'><strong>intonabant:</strong></span> <span class='ocrx_word' id='word_1_65' title='bbox 704 981 831 1034; x_wconf 81' lang='lat' dir='ltr'><strong>Proditor</strong></span> <span class='ocrx_word' id='word_1_66' title='bbox 848 982 893 1033; x_wconf 83' lang='lat' dir='ltr'><strong>tlte</strong></span> <span class='ocrx_word' id='word_1_67' title='bbox 910 981 957 1033; x_wconf 82' lang='lat' dir='ltr'><strong>ubi</strong></span> <span class='ocrx_word' id='word_1_68' title='bbox 976 984 1039 1034; x_wconf 73' lang='lat' dir='ltr'><strong>est?</strong></span> <span class='ocrx_word' id='word_1_69' title='bbox 1058 979 1107 1033; x_wconf 87' lang='lat' dir='ltr'><strong>Dei</strong></span> <span class='ocrx_word' id='word_1_70' title='bbox 1120 983 1147 1033; x_wconf 86' lang='lat' dir='ltr'><strong>at</strong></span> <span class='ocrx_word' id='word_1_71' title='bbox 1159 977 1272 1046; x_wconf 76' lang='lat' dir='ltr'><strong>iustitia</strong></span> <span class='ocrx_word' id='word_1_72' title='bbox 1282 977 1332 1031; x_wconf 80' lang='lat' dir='ltr'><strong>liei</strong></span> 
     </span>
     <span class='ocr_line' id='line_1_7' title="bbox 99 1074 1332 1148; baseline 0.003 -22"><span class='ocrx_word' id='word_1_73' title='bbox 99 1074 263 1143; x_wconf 85' lang='lat' dir='ltr'><strong>proditores,</strong></span> <span class='ocrx_word' id='word_1_74' title='bbox 285 1078 451 1145; x_wconf 85' lang='lat' dir='ltr'><strong>proditorem</strong></span> <span class='ocrx_word' id='word_1_75' title='bbox 477 1078 662 1132; x_wconf 84' lang='lat' dir='ltr'><strong>inclamabant</strong></span> <span class='ocrx_word' id='word_1_76' title='bbox 682 1079 758 1132; x_wconf 90' lang='lat' dir='ltr'><strong>illum</strong></span> <span class='ocrx_word' id='word_1_77' title='bbox 780 1079 826 1147; x_wconf 88' lang='lat' dir='ltr'><strong>qui</strong></span> <span class='ocrx_word' id='word_1_78' title='bbox 855 1079 1010 1148; x_wconf 83' lang='lat' dir='ltr'><strong>proditione</strong></span> <span class='ocrx_word' id='word_1_79' title='bbox 1035 1096 1135 1148; x_wconf 87' lang='lat' dir='ltr'><strong>magna</strong></span> <span class='ocrx_word' id='word_1_80' title='bbox 1154 1078 1277 1147; x_wconf 89' lang='lat' dir='ltr'><strong>proditus</strong></span> <span class='ocrx_word' id='word_1_81' title='bbox 1297 1077 1332 1130; x_wconf 91' lang='lat' dir='ltr'><strong>ad</strong></span> 
     </span>
     <span class='ocr_line' id='line_1_8' title="bbox 99 1175 1333 1247; baseline 0.001 -20"><span class='ocrx_word' id='word_1_82' title='bbox 99 1178 219 1228; x_wconf 87' lang='lat' dir='ltr'><strong>mortem</strong></span> <span class='ocrx_word' id='word_1_83' title='bbox 241 1175 352 1245; x_wconf 89' lang='lat' dir='ltr'><strong>indigno</strong></span> <span class='ocrx_word' id='word_1_84' title='bbox 373 1176 493 1230; x_wconf 87' lang='lat' dir='ltr'><strong>clamore</strong></span> <span class='ocrx_word' id='word_1_85' title='bbox 508 1178 687 1246; x_wconf 76' lang='lat' dir='ltr'><strong>quaerebatur.</strong></span> <span class='ocrx_word' id='word_1_86' title='bbox 708 1177 803 1231; x_wconf 91' lang='lat' dir='ltr'><strong>Nullus</strong></span> <span class='ocrx_word' id='word_1_87' title='bbox 821 1182 878 1231; x_wconf 89' lang='lat' dir='ltr'><strong>erat</strong></span> <span class='ocrx_word' id='word_1_88' title='bbox 896 1178 942 1247; x_wconf 91' lang='lat' dir='ltr'><strong>qui</strong></span> <span class='ocrx_word' id='word_1_89' title='bbox 963 1179 1140 1247; x_wconf 86' lang='lat' dir='ltr'><strong>responderet</strong></span> <span class='ocrx_word' id='word_1_90' title='bbox 1160 1178 1194 1230; x_wconf 90' lang='lat' dir='ltr'><strong>ad</strong></span> <span class='ocrx_word' id='word_1_91' title='bbox 1217 1176 1333 1230; x_wconf 81' lang='lat' dir='ltr'><strong>verbum</strong></span> 
     </span>
     <span class='ocr_line' id='line_1_9' title="bbox 101 1272 1334 1346; baseline 0.005 -21"><span class='ocrx_word' id='word_1_92' title='bbox 101 1272 250 1342; x_wconf 88' lang='lat' dir='ltr'><strong>proditoris</strong></span> <span class='ocrx_word' id='word_1_93' title='bbox 270 1274 416 1339; x_wconf 86' lang='lat' dir='ltr'><strong>inclamati,</strong></span> <span class='ocrx_word' id='word_1_94' title='bbox 437 1280 465 1328; x_wconf 91' lang='lat' dir='ltr'><strong>et</strong></span> <span class='ocrx_word' id='word_1_95' title='bbox 488 1275 526 1329; x_wconf 91' lang='lat' dir='ltr'><strong>illi</strong></span> <span class='ocrx_word' id='word_1_96' title='bbox 546 1276 631 1330; x_wconf 90' lang='lat' dir='ltr'><strong>furias</strong></span> <span class='ocrx_word' id='word_1_97' title='bbox 657 1276 685 1329; x_wconf 92' lang='lat' dir='ltr'><strong>in</strong></span> <span class='ocrx_word' id='word_1_98' title='bbox 712 1277 796 1330; x_wconf 84' lang='lat' dir='ltr'><strong>verbo</strong></span> <span class='ocrx_word' id='word_1_99' title='bbox 823 1282 1030 1346; x_wconf 85' lang='lat' dir='ltr'><strong>temperantes:</strong></span> <span class='ocrx_word' id='word_1_100' title='bbox 1054 1278 1105 1331; x_wconf 82' lang='lat' dir='ltr'><strong>Ubi</strong></span> <span class='ocrx_word' id='word_1_101' title='bbox 1125 1285 1170 1340; x_wconf 80' lang='lat' dir='ltr'><strong>eat,</strong></span> <span class='ocrx_word' id='word_1_102' title='bbox 1199 1275 1334 1345; x_wconf 89' lang='lat' dir='ltr'><strong>inquiunt.</strong></span> 
     </span>
     <span class='ocr_line' id='line_1_10' title="bbox 101 1373 1336 1445; baseline 0.002 -21"><span class='ocrx_word' id='word_1_103' title='bbox 101 1374 343 1442; x_wconf 74' lang='lat' dir='ltr'><strong>archiepiscopus?</strong></span> <span class='ocrx_word' id='word_1_104' title='bbox 360 1375 483 1428; x_wconf 84' lang='lat' dir='ltr'><strong>Thomas</strong></span> <span class='ocrx_word' id='word_1_105' title='bbox 502 1380 594 1430; x_wconf 90' lang='lat' dir='ltr'><strong>autem</strong></span> <span class='ocrx_word' id='word_1_106' title='bbox 613 1375 833 1445; x_wconf 82' lang='lat' dir='ltr'><strong>archiepiscopus</strong></span> <span class='ocrx_word' id='word_1_107' title='bbox 856 1375 945 1429; x_wconf 86' lang='lat' dir='ltr'><strong>sciens</strong></span> <span class='ocrx_word' id='word_1_108' title='bbox 962 1376 1076 1431; x_wconf 87' lang='lat' dir='ltr'><strong>verbum</strong></span> <span class='ocrx_word' id='word_1_109' title='bbox 1101 1376 1248 1445; x_wconf 88' lang='lat' dir='ltr'><strong>proditoris</strong></span> <span class='ocrx_word' id='word_1_110' title='bbox 1266 1373 1336 1428; x_wconf 92' lang='lat' dir='ltr'><strong>nihil</strong></span> 
     </span>
     <span class='ocr_line' id='line_1_11' title="bbox 55 1471 1335 1544; baseline -0.001 -16"><span class='ocrx_word' id='word_1_111' title='bbox 55 1483 84 1530; x_wconf 81' lang='lat' dir='ltr'><strong>tt</strong></span> <span class='ocrx_word' id='word_1_112' title='bbox 102 1471 138 1525; x_wconf 90' lang='lat' dir='ltr'><strong>ad</strong></span> <span class='ocrx_word' id='word_1_113' title='bbox 156 1487 187 1524; x_wconf 91' lang='lat' dir='ltr'><strong>se</strong></span> <span class='ocrx_word' id='word_1_114' title='bbox 207 1472 314 1540; x_wconf 88' lang='lat' dir='ltr'><strong>penitus</strong></span> <span class='ocrx_word' id='word_1_115' title='bbox 328 1473 472 1542; x_wconf 90' lang='lat' dir='ltr'><strong>pertinere,</strong></span> <span class='ocrx_word' id='word_1_116' title='bbox 489 1491 546 1527; x_wconf 81' lang='lat' dir='ltr'><strong>suae</strong></span> <span class='ocrx_word' id='word_1_117' title='bbox 564 1491 628 1528; x_wconf 84' lang='lat' dir='ltr'><strong>vero</strong></span> <span class='ocrx_word' id='word_1_118' title='bbox 647 1475 785 1543; x_wconf 86' lang='lat' dir='ltr'><strong>dignitatis</strong></span> <span class='ocrx_word' id='word_1_119' title='bbox 806 1479 834 1529; x_wconf 90' lang='lat' dir='ltr'><strong>et</strong></span> <span class='ocrx_word' id='word_1_120' title='bbox 851 1475 954 1528; x_wconf 88' lang='lat' dir='ltr'><strong>ordinis</strong></span> <span class='ocrx_word' id='word_1_121' title='bbox 973 1476 1086 1528; x_wconf 87' lang='lat' dir='ltr'><strong>verbum</strong></span> <span class='ocrx_word' id='word_1_122' title='bbox 1105 1480 1133 1529; x_wconf 89' lang='lat' dir='ltr'><strong>et</strong></span> <span class='ocrx_word' id='word_1_123' title='bbox 1150 1491 1219 1544; x_wconf 89' lang='lat' dir='ltr'><strong>opus</strong></span> <span class='ocrx_word' id='word_1_124' title='bbox 1231 1475 1335 1528; x_wconf 90' lang='lat' dir='ltr'><strong>bonum</strong></span> 
     </span>
     <span class='ocr_line' id='line_1_12' title="bbox 103 1571 1336 1642; baseline 0.001 -17"><span class='ocrx_word' id='word_1_125' title='bbox 103 1571 135 1625; x_wconf 92' lang='lat' dir='ltr'><strong>in</strong></span> <span class='ocrx_word' id='word_1_126' title='bbox 158 1586 188 1623; x_wconf 91' lang='lat' dir='ltr'><strong>se</strong></span> <span class='ocrx_word' id='word_1_127' title='bbox 212 1587 416 1640; x_wconf 86' lang='lat' dir='ltr'><strong>recognoscens,</strong></span> <span class='ocrx_word' id='word_1_128' title='bbox 438 1578 514 1626; x_wconf 84' lang='lat' dir='ltr'><strong>stans</strong></span> <span class='ocrx_word' id='word_1_129' title='bbox 534 1573 665 1627; x_wconf 91' lang='lat' dir='ltr'><strong>immotus</strong></span> <span class='ocrx_word' id='word_1_130' title='bbox 688 1574 820 1627; x_wconf 84' lang='lat' dir='ltr'><strong>virtutum</strong></span> <span class='ocrx_word' id='word_1_131' title='bbox 846 1590 928 1642; x_wconf 85' lang='lat' dir='ltr'><strong>super</strong></span> <span class='ocrx_word' id='word_1_132' title='bbox 947 1574 1018 1627; x_wconf 88' lang='lat' dir='ltr'><strong>altos</strong></span> <span class='ocrx_word' id='word_1_133' title='bbox 1043 1574 1185 1642; x_wconf 70' lang='lat' dir='ltr'><strong>gradosa</strong></span> <span class='ocrx_word' id='word_1_134' title='bbox 1207 1573 1336 1642; x_wconf 87' lang='lat' dir='ltr'><strong>gradibus</strong></span> 
     </span>
     <span class='ocr_line' id='line_1_13' title="bbox 104 1668 1336 1740; baseline 0.002 -19"><span class='ocrx_word' id='word_1_135' title='bbox 104 1668 245 1723; x_wconf 87' lang='lat' dir='ltr'><strong>interioris</strong></span> <span class='ocrx_word' id='word_1_136' title='bbox 268 1671 361 1739; x_wconf 91' lang='lat' dir='ltr'><strong>templi</strong></span> <span class='ocrx_word' id='word_1_137' title='bbox 386 1687 468 1740; x_wconf 90' lang='lat' dir='ltr'><strong>super</strong></span> <span class='ocrx_word' id='word_1_138' title='bbox 484 1688 554 1740; x_wconf 88' lang='lat' dir='ltr'><strong>quos</strong></span> <span class='ocrx_word' id='word_1_139' title='bbox 578 1672 669 1726; x_wconf 90' lang='lat' dir='ltr'><strong>stabat</strong></span> <span class='ocrx_word' id='word_1_140' title='bbox 690 1672 831 1726; x_wconf 89' lang='lat' dir='ltr'><strong>descendit</strong></span> <span class='ocrx_word' id='word_1_141' title='bbox 848 1677 875 1726; x_wconf 93' lang='lat' dir='ltr'><strong>et</strong></span> <span class='ocrx_word' id='word_1_142' title='bbox 897 1672 1030 1740; x_wconf 89' lang='lat' dir='ltr'><strong>processit</strong></span> <span class='ocrx_word' id='word_1_143' title='bbox 1050 1673 1160 1726; x_wconf 84' lang='lat' dir='ltr'><strong>obviam</strong></span> <span class='ocrx_word' id='word_1_144' title='bbox 1182 1672 1336 1726; x_wconf 88' lang='lat' dir='ltr'><strong>furentibus</strong></span> 
     </span>
     <span class='ocr_line' id='line_1_14' title="bbox 106 1767 1335 1839; baseline 0.002 -19"><span class='ocrx_word' id='word_1_145' title='bbox 106 1767 169 1821; x_wconf 87' lang='lat' dir='ltr'><strong>illis.</strong></span> <span class='ocrx_word' id='word_1_146' title='bbox 192 1770 266 1835; x_wconf 78' lang='lat' dir='ltr'><strong>Ecce,</strong></span> <span class='ocrx_word' id='word_1_147' title='bbox 290 1768 386 1838; x_wconf 88' lang='lat' dir='ltr'><strong>inquit.</strong></span> <span class='ocrx_word' id='word_1_148' title='bbox 407 1789 483 1838; x_wconf 81' lang='lat' dir='ltr'><strong>quem</strong></span> <span class='ocrx_word' id='word_1_149' title='bbox 504 1774 632 1839; x_wconf 74' lang='lat' dir='ltr'><strong>quaeritis,</strong></span> <span class='ocrx_word' id='word_1_150' title='bbox 656 1773 874 1839; x_wconf 72' lang='lat' dir='ltr'><strong>archiepiscopus</strong></span> <span class='ocrx_word' id='word_1_151' title='bbox 892 1789 937 1839; x_wconf 76' lang='lat' dir='ltr'><strong>epo</strong></span> <span class='ocrx_word' id='word_1_152' title='bbox 959 1789 1028 1825; x_wconf 75' lang='lat' dir='ltr'><strong>atem.</strong></span> <span class='ocrx_word' id='word_1_153' title='bbox 1049 1773 1080 1825; x_wconf 92' lang='lat' dir='ltr'><strong>In</strong></span> <span class='ocrx_word' id='word_1_154' title='bbox 1097 1771 1219 1825; x_wconf 83' lang='lat' dir='ltr'><strong>articulo</strong></span> <span class='ocrx_word' id='word_1_155' title='bbox 1242 1775 1335 1824; x_wconf 88' lang='lat' dir='ltr'><strong>autern</strong></span> 
     </span>
     <span class='ocr_line' id='line_1_15' title="bbox 104 1865 1338 1937; baseline 0.002 -19"><span class='ocrx_word' id='word_1_156' title='bbox 104 1865 238 1934; x_wconf 81' lang='lat' dir='ltr'><strong>proximae</strong></span> <span class='ocrx_word' id='word_1_157' title='bbox 258 1868 355 1920; x_wconf 90' lang='lat' dir='ltr'><strong>mortis</strong></span> <span class='ocrx_word' id='word_1_158' title='bbox 374 1883 430 1920; x_wconf 88' lang='lat' dir='ltr'><strong>suae</strong></span> <span class='ocrx_word' id='word_1_159' title='bbox 452 1868 516 1922; x_wconf 91' lang='lat' dir='ltr'><strong>fidei</strong></span> <span class='ocrx_word' id='word_1_160' title='bbox 536 1873 564 1921; x_wconf 91' lang='lat' dir='ltr'><strong>et</strong></span> <span class='ocrx_word' id='word_1_161' title='bbox 584 1869 744 1922; x_wconf 72' lang='lat' dir='ltr'><strong>constantiae</strong></span> <span class='ocrx_word' id='word_1_162' title='bbox 760 1872 842 1922; x_wconf 82' lang='lat' dir='ltr'><strong>lantae</strong></span> <span class='ocrx_word' id='word_1_163' title='bbox 863 1868 976 1922; x_wconf 82' lang='lat' dir='ltr'><strong>loricam</strong></span> <span class='ocrx_word' id='word_1_164' title='bbox 997 1869 1124 1923; x_wconf 89' lang='lat' dir='ltr'><strong>induerat</strong></span> <span class='ocrx_word' id='word_1_165' title='bbox 1140 1873 1283 1937; x_wconf 86' lang='lat' dir='ltr'><strong>promptus</strong></span> <span class='ocrx_word' id='word_1_166' title='bbox 1303 1868 1338 1920; x_wconf 90' lang='lat' dir='ltr'><strong>ad</strong></span> 
     </span>
     <span class='ocr_line' id='line_1_16' title="bbox 57 1965 1338 2035; baseline 0.002 -18"><span class='ocrx_word' id='word_1_167' title='bbox 57 1977 88 2025; x_wconf 73' lang='lat'><strong>{5</strong></span> <span class='ocrx_word' id='word_1_168' title='bbox 107 1965 271 2032; x_wconf 87' lang='lat' dir='ltr'><strong>martyrium</strong></span> <span class='ocrx_word' id='word_1_169' title='bbox 294 1967 405 2034; x_wconf 90' lang='lat' dir='ltr'><strong>spiritus</strong></span> <span class='ocrx_word' id='word_1_170' title='bbox 430 1967 497 2034; x_wconf 76' lang='lat' dir='ltr'><strong>ejuS,</strong></span> <span class='ocrx_word' id='word_1_171' title='bbox 517 1972 547 2020; x_wconf 94' lang='lat' dir='ltr'><strong>ut</strong></span> <span class='ocrx_word' id='word_1_172' title='bbox 572 1967 636 2021; x_wconf 88' lang='lat' dir='ltr'><strong>fidei</strong></span> <span class='ocrx_word' id='word_1_173' title='bbox 659 1968 719 2035; x_wconf 89' lang='lat' dir='ltr'><strong>ejus</strong></span> <span class='ocrx_word' id='word_1_174' title='bbox 744 1972 772 2021; x_wconf 89' lang='lat' dir='ltr'><strong>et</strong></span> <span class='ocrx_word' id='word_1_175' title='bbox 798 1968 957 2021; x_wconf 83' lang='lat' dir='ltr'><strong>constantiae</strong></span> <span class='ocrx_word' id='word_1_176' title='bbox 980 1972 1082 2021; x_wconf 90' lang='lat' dir='ltr'><strong>certum</strong></span> <span class='ocrx_word' id='word_1_177' title='bbox 1111 1968 1207 2021; x_wconf 90' lang='lat' dir='ltr'><strong>darent</strong></span> <span class='ocrx_word' id='word_1_178' title='bbox 1230 1967 1338 2035; x_wconf 84' lang='lat' dir='ltr'><strong>signum</strong></span> 
     </span>
     <span class='ocr_line' id='line_1_17' title="bbox 106 2065 1340 2135; baseline 0.001 -17"><span class='ocrx_word' id='word_1_179' title='bbox 106 2065 193 2134; x_wconf 89' lang='lat' dir='ltr'><strong>pedes</strong></span> <span class='ocrx_word' id='word_1_180' title='bbox 211 2080 268 2119; x_wconf 90' lang='lat' dir='ltr'><strong>non</strong></span> <span class='ocrx_word' id='word_1_181' title='bbox 288 2065 397 2129; x_wconf 88' lang='lat' dir='ltr'><strong>infirmi,</strong></span> <span class='ocrx_word' id='word_1_182' title='bbox 420 2065 513 2135; x_wconf 87' lang='lat' dir='ltr'><strong>lingua</strong></span> <span class='ocrx_word' id='word_1_183' title='bbox 530 2083 585 2119; x_wconf 89' lang='lat' dir='ltr'><strong>nun</strong></span> <span class='ocrx_word' id='word_1_184' title='bbox 603 2065 727 2129; x_wconf 87' lang='lat' dir='ltr'><strong>tremula,</strong></span> <span class='ocrx_word' id='word_1_185' title='bbox 744 2066 836 2119; x_wconf 85' lang='lat' dir='ltr'><strong>vultus</strong></span> <span class='ocrx_word' id='word_1_186' title='bbox 854 2082 909 2120; x_wconf 89' lang='lat' dir='ltr'><strong>uon</strong></span> <span class='ocrx_word' id='word_1_187' title='bbox 928 2066 1068 2133; x_wconf 86' lang='lat' dir='ltr'><strong>obscurus,</strong></span> <span class='ocrx_word' id='word_1_188' title='bbox 1086 2066 1134 2120; x_wconf 89' lang='lat' dir='ltr'><strong>sed</strong></span> <span class='ocrx_word' id='word_1_189' title='bbox 1154 2066 1204 2120; x_wconf 92' lang='lat' dir='ltr'><strong>Dei</strong></span> <span class='ocrx_word' id='word_1_190' title='bbox 1222 2082 1340 2135; x_wconf 78' lang='lat' dir='ltr'><strong>praesen-</strong></span> 
     </span>
     <span class='ocr_line' id='line_1_18' title="bbox 106 2164 1341 2236; baseline 0 -19"><span class='ocrx_word' id='word_1_191' title='bbox 106 2165 148 2217; x_wconf 85' lang='lat' dir='ltr'><strong>tia</strong></span> <span class='ocrx_word' id='word_1_192' title='bbox 168 2164 321 2230; x_wconf 87' lang='lat' dir='ltr'><strong>roboratus,</strong></span> <span class='ocrx_word' id='word_1_193' title='bbox 342 2166 449 2219; x_wconf 78' lang='lat' dir='ltr'><strong>invicta</strong></span> <span class='ocrx_word' id='word_1_194' title='bbox 467 2166 575 2220; x_wconf 83' lang='lat' dir='ltr'><strong>virtutis</strong></span> <span class='ocrx_word' id='word_1_195' title='bbox 595 2166 701 2236; x_wconf 89' lang='lat' dir='ltr'><strong>insigne</strong></span> <span class='ocrx_word' id='word_1_196' title='bbox 722 2167 804 2236; x_wconf 83' lang='lat' dir='ltr'><strong>digno</strong></span> <span class='ocrx_word' id='word_1_197' title='bbox 831 2167 952 2236; x_wconf 87' lang='lat' dir='ltr'><strong>corporis</strong></span> <span class='ocrx_word' id='word_1_198' title='bbox 977 2167 1075 2221; x_wconf 90' lang='lat' dir='ltr'><strong>habitu</strong></span> <span class='ocrx_word' id='word_1_199' title='bbox 1095 2166 1179 2220; x_wconf 91' lang='lat' dir='ltr'><strong>totins</strong></span> <span class='ocrx_word' id='word_1_200' title='bbox 1200 2165 1341 2235; x_wconf 76' lang='lat' dir='ltr'><strong>praeferret</strong></span> 
     </span>
     <span class='ocr_line' id='line_1_19' title="bbox 105 2263 314 2331; baseline 0.005 -15"><span class='ocrx_word' id='word_1_201' title='bbox 105 2263 200 2331; x_wconf 85' lang='lat' dir='ltr'><strong>justus</strong></span> <span class='ocrx_word' id='word_1_202' title='bbox 219 2263 314 2317; x_wconf 90' lang='lat' dir='ltr'><strong>homo.</strong></span> 
     </span>
     <span class='ocr_line' id='line_1_20' title="bbox 152 2359 1341 2431; baseline -0.002 -15"><span class='ocrx_word' id='word_1_203' title='bbox 152 2359 211 2417; x_wconf 77' lang='lat'><strong>29.</strong></span> <span class='ocrx_word' id='word_1_204' title='bbox 237 2361 332 2415; x_wconf 83' lang='lat' dir='ltr'><strong>blanus</strong></span> <span class='ocrx_word' id='word_1_205' title='bbox 349 2378 413 2430; x_wconf 89' lang='lat' dir='ltr'><strong>ergo</strong></span> <span class='ocrx_word' id='word_1_206' title='bbox 433 2361 568 2415; x_wconf 77' lang='lat' dir='ltr'><strong>uiolentas</strong></span> <span class='ocrx_word' id='word_1_207' title='bbox 584 2362 613 2415; x_wconf 91' lang='lat' dir='ltr'><strong>in</strong></span> <span class='ocrx_word' id='word_1_208' title='bbox 627 2377 690 2415; x_wconf 91' lang='lat' dir='ltr'><strong>eum</strong></span> <span class='ocrx_word' id='word_1_209' title='bbox 709 2362 861 2429; x_wconf 86' lang='lat' dir='ltr'><strong>injecerunt</strong></span> <span class='ocrx_word' id='word_1_210' title='bbox 884 2368 1002 2431; x_wconf 88' lang='lat' dir='ltr'><strong>quatuor</strong></span> <span class='ocrx_word' id='word_1_211' title='bbox 1022 2362 1061 2415; x_wconf 93' lang='lat' dir='ltr'><strong>illi</strong></span> <span class='ocrx_word' id='word_1_212' title='bbox 1082 2362 1182 2415; x_wconf 91' lang='lat' dir='ltr'><strong>milites</strong></span> <span class='ocrx_word' id='word_1_213' title='bbox 1206 2361 1341 2415; x_wconf 90' lang='lat' dir='ltr'><strong>scelerati.</strong></span> 
     </span>
     <span class='ocr_line' id='line_1_21' title="bbox 54 2456 1342 2527; baseline -0.003 -15"><span class='ocrx_word' id='word_1_214' title='bbox 54 2469 86 2519; x_wconf 78' lang='lat'><strong>20</strong></span> <span class='ocrx_word' id='word_1_215' title='bbox 104 2459 142 2512; x_wconf 88' lang='lat' dir='ltr'><strong>Et</strong></span> <span class='ocrx_word' id='word_1_216' title='bbox 161 2459 251 2527; x_wconf 91' lang='lat' dir='ltr'><strong>primo</strong></span> <span class='ocrx_word' id='word_1_217' title='bbox 271 2475 332 2512; x_wconf 89' lang='lat' dir='ltr'><strong>cum</strong></span> <span class='ocrx_word' id='word_1_218' title='bbox 359 2458 461 2512; x_wconf 84' lang='lat' dir='ltr'><strong>vellent</strong></span> <span class='ocrx_word' id='word_1_219' title='bbox 480 2459 570 2526; x_wconf 87' lang='lat' dir='ltr'><strong>ipsum</strong></span> <span class='ocrx_word' id='word_1_220' title='bbox 592 2457 700 2512; x_wconf 87' lang='lat' dir='ltr'><strong>trahere</strong></span> <span class='ocrx_word' id='word_1_221' title='bbox 721 2463 798 2511; x_wconf 87' lang='lat' dir='ltr'><strong>extra</strong></span> <span class='ocrx_word' id='word_1_222' title='bbox 817 2457 950 2526; x_wconf 90' lang='lat' dir='ltr'><strong>templum</strong></span> <span class='ocrx_word' id='word_1_223' title='bbox 971 2462 1081 2526; x_wconf 92' lang='lat' dir='ltr'><strong>propter</strong></span> <span class='ocrx_word' id='word_1_224' title='bbox 1100 2456 1195 2526; x_wconf 91' lang='lat' dir='ltr'><strong>templi</strong></span> <span class='ocrx_word' id='word_1_225' title='bbox 1216 2471 1342 2509; x_wconf 86' lang='lat' dir='ltr'><strong>reveren-</strong></span> 
     </span>
     <span class='ocr_line' id='line_1_22' title="bbox 105 2555 1341 2625; baseline -0.003 -13"><span class='ocrx_word' id='word_1_226' title='bbox 105 2559 184 2622; x_wconf 88' lang='lat' dir='ltr'><strong>tiam,</strong></span> <span class='ocrx_word' id='word_1_227' title='bbox 197 2563 228 2611; x_wconf 94' lang='lat' dir='ltr'><strong>ut</strong></span> <span class='ocrx_word' id='word_1_228' title='bbox 239 2574 301 2611; x_wconf 92' lang='lat' dir='ltr'><strong>eum</strong></span> <span class='ocrx_word' id='word_1_229' title='bbox 315 2557 482 2611; x_wconf 86' lang='lat' dir='ltr'><strong>trucidarent</strong></span> <span class='ocrx_word' id='word_1_230' title='bbox 496 2561 573 2610; x_wconf 87' lang='lat' dir='ltr'><strong>extra</strong></span> <span class='ocrx_word' id='word_1_231' title='bbox 584 2556 725 2625; x_wconf 86' lang='lat' dir='ltr'><strong>templum,</strong></span> <span class='ocrx_word' id='word_1_232' title='bbox 738 2556 844 2625; x_wconf 93' lang='lat' dir='ltr'><strong>impleri</strong></span> <span class='ocrx_word' id='word_1_233' title='bbox 856 2556 988 2625; x_wconf 89' lang='lat' dir='ltr'><strong>templum</strong></span> <span class='ocrx_word' id='word_1_234' title='bbox 1000 2555 1099 2620; x_wconf 86' lang='lat' dir='ltr'><strong>rident,</strong></span> <span class='ocrx_word' id='word_1_235' title='bbox 1109 2572 1190 2609; x_wconf 85' lang='lat' dir='ltr'><strong>sexus</strong></span> <span class='ocrx_word' id='word_1_236' title='bbox 1199 2556 1341 2624; x_wconf 89' lang='lat' dir='ltr'><strong>utriusque</strong></span> 
     </span>
     <span class='ocr_line' id='line_1_23' title="bbox 105 2655 1341 2725; baseline -0.002 -14"><span class='ocrx_word' id='word_1_237' title='bbox 105 2657 283 2711; x_wconf 88' lang='lat' dir='ltr'><strong>multitudine</strong></span> <span class='ocrx_word' id='word_1_238' title='bbox 301 2673 401 2725; x_wconf 85' lang='lat' dir='ltr'><strong>magna</strong></span> <span class='ocrx_word' id='word_1_239' title='bbox 419 2660 610 2719; x_wconf 88' lang='lat' dir='ltr'><strong>concurrente;</strong></span> <span class='ocrx_word' id='word_1_240' title='bbox 628 2660 662 2718; x_wconf 91' lang='lat' dir='ltr'><strong>ct,</strong></span> <span class='ocrx_word' id='word_1_241' title='bbox 675 2655 803 2709; x_wconf 90' lang='lat' dir='ltr'><strong>timentes</strong></span> <span class='ocrx_word' id='word_1_242' title='bbox 820 2672 854 2709; x_wconf 92' lang='lat' dir='ltr'><strong>ne</strong></span> <span class='ocrx_word' id='word_1_243' title='bbox 872 2656 1012 2709; x_wconf 78' lang='lat' dir='ltr'><strong>confluens</strong></span> <span class='ocrx_word' id='word_1_244' title='bbox 1029 2655 1064 2708; x_wconf 90' lang='lat' dir='ltr'><strong>ad</strong></span> <span class='ocrx_word' id='word_1_245' title='bbox 1082 2655 1266 2724; x_wconf 89' lang='lat' dir='ltr'><strong>spectaculum</strong></span> <span class='ocrx_word' id='word_1_246' title='bbox 1285 2661 1341 2708; x_wconf 87' lang='lat' dir='ltr'><strong>tam</strong></span> 
     </span>
     <span class='ocr_line' id='line_1_24' title="bbox 106 2753 1341 2824; baseline -0.002 -15"><span class='ocrx_word' id='word_1_247' title='bbox 106 2757 186 2810; x_wconf 83' lang='lat' dir='ltr'><strong>triste</strong></span> <span class='ocrx_word' id='word_1_248' title='bbox 203 2755 318 2824; x_wconf 88' lang='lat' dir='ltr'><strong>populus</strong></span> <span class='ocrx_word' id='word_1_249' title='bbox 337 2754 455 2808; x_wconf 85' lang='lat' dir='ltr'><strong>civitatis</strong></span> <span class='ocrx_word' id='word_1_250' title='bbox 475 2754 510 2807; x_wconf 89' lang='lat' dir='ltr'><strong>ad</strong></span> <span class='ocrx_word' id='word_1_251' title='bbox 527 2770 604 2807; x_wconf 90' lang='lat' dir='ltr'><strong>arma</strong></span> <span class='ocrx_word' id='word_1_252' title='bbox 624 2753 809 2807; x_wconf 84' lang='lat' dir='ltr'><strong>conclamaret</strong></span> <span class='ocrx_word' id='word_1_253' title='bbox 826 2759 853 2807; x_wconf 92' lang='lat' dir='ltr'><strong>et</strong></span> <span class='ocrx_word' id='word_1_254' title='bbox 871 2753 919 2807; x_wconf 92' lang='lat' dir='ltr'><strong>Dei</strong></span> <span class='ocrx_word' id='word_1_255' title='bbox 931 2769 1040 2806; x_wconf 89' lang='lat' dir='ltr'><strong>servum</strong></span> <span class='ocrx_word' id='word_1_256' title='bbox 1054 2754 1087 2806; x_wconf 89' lang='lat' dir='ltr'><strong>de</strong></span> <span class='ocrx_word' id='word_1_257' title='bbox 1105 2753 1234 2807; x_wconf 90' lang='lat' dir='ltr'><strong>manibus</strong></span> <span class='ocrx_word' id='word_1_258' title='bbox 1245 2770 1341 2807; x_wconf 89' lang='lat' dir='ltr'><strong>eorum</strong></span> 
     </span>
     <span class='ocr_line' id='line_1_25' title="bbox 108 2852 1342 2923; baseline -0.002 -15"><span class='ocrx_word' id='word_1_259' title='bbox 108 2855 136 2909; x_wconf 89' lang='lat' dir='ltr'><strong>vi</strong></span> <span class='ocrx_word' id='word_1_260' title='bbox 157 2854 282 2923; x_wconf 83' lang='lat' dir='ltr'><strong>eriperet,</strong></span> <span class='ocrx_word' id='word_1_261' title='bbox 304 2853 455 2907; x_wconf 89' lang='lat' dir='ltr'><strong>accelerato</strong></span> <span class='ocrx_word' id='word_1_262' title='bbox 474 2852 575 2906; x_wconf 89' lang='lat' dir='ltr'><strong>scelere</strong></span> <span class='ocrx_word' id='word_1_263' title='bbox 596 2868 758 2921; x_wconf 89' lang='lat' dir='ltr'><strong>supereum</strong></span> <span class='ocrx_word' id='word_1_264' title='bbox 778 2852 882 2920; x_wconf 77' lang='lat' dir='ltr'><strong>gladios</strong></span> <span class='ocrx_word' id='word_1_265' title='bbox 899 2853 1057 2914; x_wconf 85' lang='lat' dir='ltr'><strong>extendunt,</strong></span> <span class='ocrx_word' id='word_1_266' title='bbox 1076 2857 1106 2906; x_wconf 90' lang='lat' dir='ltr'><strong>ut</strong></span> <span class='ocrx_word' id='word_1_267' title='bbox 1126 2852 1261 2906; x_wconf 91' lang='lat' dir='ltr'><strong>trucident</strong></span> <span class='ocrx_word' id='word_1_268' title='bbox 1278 2859 1342 2907; x_wconf 88' lang='lat' dir='ltr'><strong>ante</strong></span> 
     </span>
     <span class='ocr_line' id='line_1_26' title="bbox 55 2951 1341 3021; baseline -0.003 -13"><span class='ocrx_word' id='word_1_269' title='bbox 55 2967 88 3015; x_wconf 69' lang='lat'><strong>25</strong></span> <span class='ocrx_word' id='word_1_270' title='bbox 106 2970 187 3008; x_wconf 87' lang='lat' dir='ltr'><strong>aram</strong></span> <span class='ocrx_word' id='word_1_271' title='bbox 204 2953 299 3021; x_wconf 92' lang='lat' dir='ltr'><strong>templi</strong></span> <span class='ocrx_word' id='word_1_272' title='bbox 317 2958 421 3006; x_wconf 89' lang='lat' dir='ltr'><strong>rectum</strong></span> <span class='ocrx_word' id='word_1_273' title='bbox 433 2953 515 3006; x_wconf 89' lang='lat' dir='ltr'><strong>corde</strong></span> <span class='ocrx_word' id='word_1_274' title='bbox 534 2952 631 3005; x_wconf 87' lang='lat' dir='ltr'><strong>vimm.</strong></span> <span class='ocrx_word' id='word_1_275' title='bbox 648 2951 757 3005; x_wconf 88' lang='lat' dir='ltr'><strong>Primus</strong></span> <span class='ocrx_word' id='word_1_276' title='bbox 778 2967 873 3004; x_wconf 89' lang='lat' dir='ltr'><strong>eorum</strong></span> <span class='ocrx_word' id='word_1_277' title='bbox 886 2951 1066 3019; x_wconf 79' lang='lat' dir='ltr'><strong>flaginardus,</strong></span> <span class='ocrx_word' id='word_1_278' title='bbox 1085 2951 1148 3005; x_wconf 90' lang='lat' dir='ltr'><strong>Ursi</strong></span> <span class='ocrx_word' id='word_1_279' title='bbox 1159 2952 1238 3016; x_wconf 74' lang='lat' dir='ltr'><strong>filine,</strong></span> <span class='ocrx_word' id='word_1_280' title='bbox 1251 2955 1341 3006; x_wconf 89' lang='lat' dir='ltr'><strong>erecto</strong></span> 
     </span>
     <span class='ocr_line' id='line_1_27' title="bbox 107 3049 1342 3121; baseline -0.001 -15"><span class='ocrx_word' id='word_1_281' title='bbox 107 3052 233 3116; x_wconf 89' lang='lat' dir='ltr'><strong>brachio,</strong></span> <span class='ocrx_word' id='word_1_282' title='bbox 249 3050 369 3121; x_wconf 81' lang='lat' dir='ltr'><strong>gladium</strong></span> <span class='ocrx_word' id='word_1_283' title='bbox 382 3051 472 3104; x_wconf 86' lang='lat' dir='ltr'><strong>vibrat</strong></span> <span class='ocrx_word' id='word_1_284' title='bbox 490 3050 517 3103; x_wconf 91' lang='lat' dir='ltr'><strong>in</strong></span> <span class='ocrx_word' id='word_1_285' title='bbox 535 3055 616 3119; x_wconf 89' lang='lat' dir='ltr'><strong>caput</strong></span> <span class='ocrx_word' id='word_1_286' title='bbox 632 3051 699 3116; x_wconf 79' lang='lat' dir='ltr'><strong>ejus,</strong></span> <span class='ocrx_word' id='word_1_287' title='bbox 717 3049 822 3119; x_wconf 82' lang='lat' dir='ltr'><strong>Excipit</strong></span> <span class='ocrx_word' id='word_1_288' title='bbox 841 3049 924 3104; x_wconf 90' lang='lat' dir='ltr'><strong>ictum</strong></span> <span class='ocrx_word' id='word_1_289' title='bbox 944 3050 1066 3104; x_wconf 89' lang='lat' dir='ltr'><strong>ferientis</strong></span> <span class='ocrx_word' id='word_1_290' title='bbox 1084 3067 1155 3104; x_wconf 88' lang='lat' dir='ltr'><strong>unus</strong></span> <span class='ocrx_word' id='word_1_291' title='bbox 1173 3050 1342 3115; x_wconf 89' lang='lat' dir='ltr'><strong>clericorum,</strong></span> 
     </span>
     <span class='ocr_line' id='line_1_28' title="bbox 108 3148 1343 3220; baseline -0.002 -15"><span class='ocrx_word' id='word_1_292' title='bbox 108 3152 158 3220; x_wconf 89' lang='lat' dir='ltr'><strong>qui</strong></span> <span class='ocrx_word' id='word_1_293' title='bbox 186 3149 297 3204; x_wconf 88' lang='lat' dir='ltr'><strong>sedulus</strong></span> <span class='ocrx_word' id='word_1_294' title='bbox 317 3150 408 3203; x_wconf 89' lang='lat' dir='ltr'><strong>stabat</strong></span> <span class='ocrx_word' id='word_1_295' title='bbox 432 3148 511 3217; x_wconf 85' lang='lat' dir='ltr'><strong>juxta</strong></span> <span class='ocrx_word' id='word_1_296' title='bbox 536 3165 615 3211; x_wconf 85' lang='lat' dir='ltr'><strong>eum;</strong></span> <span class='ocrx_word' id='word_1_297' title='bbox 642 3149 840 3217; x_wconf 83' lang='lat' dir='ltr'><strong>brachiumque</strong></span> <span class='ocrx_word' id='word_1_298' title='bbox 867 3149 1034 3217; x_wconf 88' lang='lat' dir='ltr'><strong>protendens</strong></span> <span class='ocrx_word' id='word_1_299' title='bbox 1062 3166 1144 3216; x_wconf 88' lang='lat' dir='ltr'><strong>super</strong></span> <span class='ocrx_word' id='word_1_300' title='bbox 1168 3154 1251 3218; x_wconf 89' lang='lat' dir='ltr'><strong>capnt</strong></span> <span class='ocrx_word' id='word_1_301' title='bbox 1273 3150 1343 3202; x_wconf 88' lang='lat' dir='ltr'><strong>tanti</strong></span> 
     </span>
     <span class='ocr_line' id='line_1_29' title="bbox 110 3247 1342 3317; baseline -0.001 -14"><span class='ocrx_word' id='word_1_302' title='bbox 110 3249 269 3313; x_wconf 87' lang='lat' dir='ltr'><strong>sacerdotis,</strong></span> <span class='ocrx_word' id='word_1_303' title='bbox 286 3266 303 3301; x_wconf 89' lang='lat' dir='ltr'><strong>a</strong></span> <span class='ocrx_word' id='word_1_304' title='bbox 323 3250 412 3317; x_wconf 88' lang='lat' dir='ltr'><strong>capite</strong></span> <span class='ocrx_word' id='word_1_305' title='bbox 436 3249 494 3315; x_wconf 86' lang='lat' dir='ltr'><strong>ejus</strong></span> <span class='ocrx_word' id='word_1_306' title='bbox 517 3248 603 3301; x_wconf 87' lang='lat' dir='ltr'><strong>voluit</strong></span> <span class='ocrx_word' id='word_1_307' title='bbox 621 3248 723 3302; x_wconf 88' lang='lat' dir='ltr'><strong>elidere</strong></span> <span class='ocrx_word' id='word_1_308' title='bbox 746 3247 866 3316; x_wconf 91' lang='lat' dir='ltr'><strong>gladium</strong></span> <span class='ocrx_word' id='word_1_309' title='bbox 888 3247 1088 3301; x_wconf 81' lang='lat' dir='ltr'><strong>fulminantem.</strong></span> <span class='ocrx_word' id='word_1_310' title='bbox 1115 3247 1228 3302; x_wconf 89' lang='lat' dir='ltr'><strong>Gladius</strong></span> <span class='ocrx_word' id='word_1_311' title='bbox 1249 3253 1342 3302; x_wconf 88' lang='lat' dir='ltr'><strong>autem</strong></span> 
     </span>
     <span class='ocr_line' id='line_1_30' title="bbox 110 3346 1343 3415; baseline -0.002 -12"><span class='ocrx_word' id='word_1_312' title='bbox 110 3349 218 3403; x_wconf 86' lang='lat' dir='ltr'><strong>fortiter</strong></span> <span class='ocrx_word' id='word_1_313' title='bbox 230 3349 353 3402; x_wconf 88' lang='lat' dir='ltr'><strong>elevatus</strong></span> <span class='ocrx_word' id='word_1_314' title='bbox 369 3347 460 3402; x_wconf 90' lang='lat' dir='ltr'><strong>clerici</strong></span> <span class='ocrx_word' id='word_1_315' title='bbox 473 3346 616 3401; x_wconf 89' lang='lat' dir='ltr'><strong>brachium</strong></span> <span class='ocrx_word' id='word_1_316' title='bbox 628 3346 783 3415; x_wconf 84' lang='lat' dir='ltr'><strong>amputavit</strong></span> <span class='ocrx_word' id='word_1_317' title='bbox 800 3351 827 3399; x_wconf 92' lang='lat' dir='ltr'><strong>et</strong></span> <span class='ocrx_word' id='word_1_318' title='bbox 838 3346 920 3400; x_wconf 88' lang='lat' dir='ltr'><strong>simul</strong></span> <span class='ocrx_word' id='word_1_319' title='bbox 935 3347 963 3399; x_wconf 92' lang='lat' dir='ltr'><strong>in</strong></span> <span class='ocrx_word' id='word_1_320' title='bbox 981 3347 1069 3414; x_wconf 88' lang='lat' dir='ltr'><strong>capite</strong></span> <span class='ocrx_word' id='word_1_321' title='bbox 1087 3347 1220 3400; x_wconf 89' lang='lat' dir='ltr'><strong>christum</strong></span> <span class='ocrx_word' id='word_1_322' title='bbox 1233 3347 1343 3400; x_wconf 88' lang='lat' dir='ltr'><strong>Domini</strong></span> 
     </span>
     <span class='ocr_line' id='line_1_31' title="bbox 61 3444 1342 3516; baseline -0.002 -15"><span class='ocrx_word' id='word_1_323' title='bbox 61 3460 91 3510; x_wconf 79' lang='lat'><strong>30</strong></span> <span class='ocrx_word' id='word_1_324' title='bbox 110 3449 233 3516; x_wconf 84' lang='lat' dir='ltr'><strong>graviter</strong></span> <span class='ocrx_word' id='word_1_325' title='bbox 248 3447 408 3500; x_wconf 79' lang='lat' dir='ltr'><strong>vulneravit.</strong></span> <span class='ocrx_word' id='word_1_326' title='bbox 421 3447 460 3499; x_wconf 84' lang='lat' dir='ltr'><strong>Eo</strong></span> <span class='ocrx_word' id='word_1_327' title='bbox 479 3445 590 3498; x_wconf 89' lang='lat' dir='ltr'><strong>vulnere</strong></span> <span class='ocrx_word' id='word_1_328' title='bbox 608 3462 664 3498; x_wconf 90' lang='lat' dir='ltr'><strong>non</strong></span> <span class='ocrx_word' id='word_1_329' title='bbox 679 3445 778 3498; x_wconf 88' lang='lat' dir='ltr'><strong>cecidit</strong></span> <span class='ocrx_word' id='word_1_330' title='bbox 791 3444 907 3498; x_wconf 87' lang='lat' dir='ltr'><strong>christus</strong></span> <span class='ocrx_word' id='word_1_331' title='bbox 928 3445 1046 3508; x_wconf 90' lang='lat' dir='ltr'><strong>Domini,</strong></span> <span class='ocrx_word' id='word_1_332' title='bbox 1067 3447 1115 3499; x_wconf 89' lang='lat' dir='ltr'><strong>sed</strong></span> <span class='ocrx_word' id='word_1_333' title='bbox 1136 3462 1198 3499; x_wconf 89' lang='lat' dir='ltr'><strong>cnm</strong></span> <span class='ocrx_word' id='word_1_334' title='bbox 1218 3446 1274 3500; x_wconf 93' lang='lat' dir='ltr'><strong>Deo</strong></span> <span class='ocrx_word' id='word_1_335' title='bbox 1285 3447 1342 3514; x_wconf 86' lang='lat' dir='ltr'><strong>jam</strong></span> 
     </span>
     <span class='ocr_line' id='line_1_32' title="bbox 110 3541 1343 3613; baseline -0.003 -14"><span class='ocrx_word' id='word_1_336' title='bbox 110 3544 291 3600; x_wconf 86' lang='lat' dir='ltr'><strong>confabulans</strong></span> <span class='ocrx_word' id='word_1_337' title='bbox 311 3544 370 3613; x_wconf 86' lang='lat' dir='ltr'><strong>ejus</strong></span> <span class='ocrx_word' id='word_1_338' title='bbox 387 3543 530 3597; x_wconf 68' lang='lat' dir='ltr'><strong>immensae</strong></span> <span class='ocrx_word' id='word_1_339' title='bbox 546 3543 640 3612; x_wconf 90' lang='lat' dir='ltr'><strong>pietati</strong></span> <span class='ocrx_word' id='word_1_340' title='bbox 658 3547 686 3596; x_wconf 89' lang='lat' dir='ltr'><strong>et</strong></span> <span class='ocrx_word' id='word_1_341' title='bbox 706 3547 863 3596; x_wconf 85' lang='lat' dir='ltr'><strong>sanctorum</strong></span> <span class='ocrx_word' id='word_1_342' title='bbox 882 3543 941 3608; x_wconf 86' lang='lat' dir='ltr'><strong>ejus</strong></span> <span class='ocrx_word' id='word_1_343' title='bbox 959 3541 1117 3611; x_wconf 87' lang='lat' dir='ltr'><strong>patrociniis</strong></span> <span class='ocrx_word' id='word_1_344' title='bbox 1130 3542 1251 3595; x_wconf 90' lang='lat' dir='ltr'><strong>animam</strong></span> <span class='ocrx_word' id='word_1_345' title='bbox 1264 3559 1343 3596; x_wconf 88' lang='lat' dir='ltr'><strong>suam</strong></span> 
     </span>
     <span class='ocr_line' id='line_1_33' title="bbox 110 3641 1343 3711; baseline -0.003 -11"><span class='ocrx_word' id='word_1_346' title='bbox 110 3645 337 3707; x_wconf 88' lang='lat' dir='ltr'><strong>commendabat;</strong></span> <span class='ocrx_word' id='word_1_347' title='bbox 358 3649 386 3697; x_wconf 89' lang='lat' dir='ltr'><strong>et</strong></span> <span class='ocrx_word' id='word_1_348' title='bbox 405 3643 536 3697; x_wconf 91' lang='lat' dir='ltr'><strong>immotus</strong></span> <span class='ocrx_word' id='word_1_349' title='bbox 554 3642 645 3695; x_wconf 89' lang='lat' dir='ltr'><strong>stabat</strong></span> <span class='ocrx_word' id='word_1_350' title='bbox 665 3647 728 3695; x_wconf 90' lang='lat' dir='ltr'><strong>ante</strong></span> <span class='ocrx_word' id='word_1_351' title='bbox 746 3642 853 3711; x_wconf 83' lang='lat' dir='ltr'><strong>gradus,</strong></span> <span class='ocrx_word' id='word_1_352' title='bbox 875 3642 987 3695; x_wconf 83' lang='lat' dir='ltr'><strong>victima</strong></span> <span class='ocrx_word' id='word_1_353' title='bbox 1008 3642 1065 3695; x_wconf 88' lang='lat' dir='ltr'><strong>Deo</strong></span> <span class='ocrx_word' id='word_1_354' title='bbox 1082 3641 1192 3711; x_wconf 88' lang='lat' dir='ltr'><strong>placens</strong></span> <span class='ocrx_word' id='word_1_355' title='bbox 1212 3642 1343 3697; x_wconf 88' lang='lat' dir='ltr'><strong>holocau-</strong></span> 
     </span>
     <span class='ocr_line' id='line_1_34' title="bbox 110 3739 1342 3812; baseline -0.002 -15"><span class='ocrx_word' id='word_1_356' title='bbox 110 3750 240 3812; x_wconf 89' lang='lat' dir='ltr'><strong>stumque</strong></span> <span class='ocrx_word' id='word_1_357' title='bbox 260 3743 317 3796; x_wconf 88' lang='lat' dir='ltr'><strong>Deo</strong></span> <span class='ocrx_word' id='word_1_358' title='bbox 337 3741 530 3795; x_wconf 83' lang='lat' dir='ltr'><strong>suavissimum</strong></span> <span class='ocrx_word' id='word_1_359' title='bbox 557 3757 622 3794; x_wconf 82' lang='lat' dir='ltr'><strong>mox</strong></span> <span class='ocrx_word' id='word_1_360' title='bbox 648 3741 764 3794; x_wconf 85' lang='lat' dir='ltr'><strong>futurus.</strong></span> <span class='ocrx_word' id='word_1_361' title='bbox 784 3740 863 3808; x_wconf 84' lang='lat' dir='ltr'><strong>Hugo</strong></span> <span class='ocrx_word' id='word_1_362' title='bbox 889 3740 923 3793; x_wconf 91' lang='lat' dir='ltr'><strong>de</strong></span> <span class='ocrx_word' id='word_1_363' title='bbox 949 3739 1090 3793; x_wconf 86' lang='lat' dir='ltr'><strong>Morevilla</strong></span> <span class='ocrx_word' id='word_1_364' title='bbox 1110 3745 1138 3793; x_wconf 90' lang='lat' dir='ltr'><strong>et</strong></span> <span class='ocrx_word' id='word_1_365' title='bbox 1162 3746 1225 3809; x_wconf 89' lang='lat' dir='ltr'><strong>post</strong></span> <span class='ocrx_word' id='word_1_366' title='bbox 1253 3741 1342 3809; x_wconf 88' lang='lat' dir='ltr'><strong>ipsum</strong></span> 
     </span>
     <span class='ocr_line' id='line_1_35' title="bbox 110 3835 1344 3906; baseline 0 -13"><span class='ocrx_word' id='word_1_367' title='bbox 110 3839 277 3894; x_wconf 88' lang='lat' dir='ltr'><strong>Wilhelmus</strong></span> <span class='ocrx_word' id='word_1_368' title='bbox 298 3839 333 3893; x_wconf 92' lang='lat' dir='ltr'><strong>de</strong></span> <span class='ocrx_word' id='word_1_369' title='bbox 358 3838 445 3899; x_wconf 88' lang='lat' dir='ltr'><strong>Traci,</strong></span> <span class='ocrx_word' id='word_1_370' title='bbox 471 3837 552 3906; x_wconf 90' lang='lat' dir='ltr'><strong>capiti</strong></span> <span class='ocrx_word' id='word_1_371' title='bbox 577 3838 635 3906; x_wconf 87' lang='lat' dir='ltr'><strong>ejus</strong></span> <span class='ocrx_word' id='word_1_372' title='bbox 654 3837 751 3906; x_wconf 87' lang='lat' dir='ltr'><strong>gladiis</strong></span> <span class='ocrx_word' id='word_1_373' title='bbox 777 3836 885 3890; x_wconf 88' lang='lat' dir='ltr'><strong>fortiter</strong></span> <span class='ocrx_word' id='word_1_374' title='bbox 909 3835 994 3899; x_wconf 86' lang='lat' dir='ltr'><strong>illisis,</strong></span> <span class='ocrx_word' id='word_1_375' title='bbox 1018 3838 1170 3891; x_wconf 86' lang='lat' dir='ltr'><strong>secundum</strong></span> <span class='ocrx_word' id='word_1_376' title='bbox 1196 3837 1296 3892; x_wconf 83' lang='lat' dir='ltr'><strong>vulnus</strong></span> <span class='ocrx_word' id='word_1_377' title='bbox 1317 3846 1344 3893; x_wconf 88' lang='lat' dir='ltr'><strong>et</strong></span> 
     </span>
     <span class='ocr_line' id='line_1_36' title="bbox 62 3935 1342 4005; baseline -0.002 -11"><span class='ocrx_word' id='word_1_378' title='bbox 62 3953 92 4003; x_wconf 78' lang='lat'><strong>35</strong></span> <span class='ocrx_word' id='word_1_379' title='bbox 110 3941 223 3994; x_wconf 87' lang='lat' dir='ltr'><strong>tertium</strong></span> <span class='ocrx_word' id='word_1_380' title='bbox 247 3938 367 3993; x_wconf 79' lang='lat' dir='ltr'><strong>feraliter</strong></span> <span class='ocrx_word' id='word_1_381' title='bbox 392 3938 555 4003; x_wconf 86' lang='lat' dir='ltr'><strong>inflixemnt,</strong></span> <span class='ocrx_word' id='word_1_382' title='bbox 575 3952 694 4005; x_wconf 91' lang='lat' dir='ltr'><strong>eumque</strong></span> <span class='ocrx_word' id='word_1_383' title='bbox 717 3935 882 4004; x_wconf 66' lang='lat' dir='ltr'><strong>praecipitem</strong></span> <span class='ocrx_word' id='word_1_384' title='bbox 904 3936 1132 4003; x_wconf 82' lang='lat' dir='ltr'><strong>excusseruntin</strong></span> <span class='ocrx_word' id='word_1_385' title='bbox 1155 3952 1342 3991; x_wconf 89' lang='lat' dir='ltr'><strong>marmoreum</strong></span> 
     </span>
     <span class='ocr_line' id='line_1_37' title="bbox 111 4033 1345 4108; baseline -0.001 -16"><span class='ocrx_word' id='word_1_386' title='bbox 111 4039 208 4108; x_wconf 92' lang='lat' dir='ltr'><strong>templi</strong></span> <span class='ocrx_word' id='word_1_387' title='bbox 227 4039 424 4107; x_wconf 86' lang='lat' dir='ltr'><strong>pavimentum.</strong></span> <span class='ocrx_word' id='word_1_388' title='bbox 447 4035 568 4104; x_wconf 87' lang='lat' dir='ltr'><strong>Quartus</strong></span> <span class='ocrx_word' id='word_1_389' title='bbox 588 4051 683 4089; x_wconf 86' lang='lat' dir='ltr'><strong>eorum</strong></span> <span class='ocrx_word' id='word_1_390' title='bbox 704 4040 732 4088; x_wconf 90' lang='lat' dir='ltr'><strong>et</strong></span> <span class='ocrx_word' id='word_1_391' title='bbox 757 4034 870 4088; x_wconf 90' lang='lat' dir='ltr'><strong>ultimus</strong></span> <span class='ocrx_word' id='word_1_392' title='bbox 891 4033 1046 4089; x_wconf 85' lang='lat' dir='ltr'><strong>Richardus</strong></span> <span class='ocrx_word' id='word_1_393' title='bbox 1069 4035 1146 4089; x_wconf 89' lang='lat' dir='ltr'><strong>Brito</strong></span> <span class='ocrx_word' id='word_1_394' title='bbox 1166 4041 1295 4104; x_wconf 88' lang='lat' dir='ltr'><strong>quartum</strong></span> <span class='ocrx_word' id='word_1_395' title='bbox 1317 4042 1345 4091; x_wconf 87' lang='lat' dir='ltr'><strong>et</strong></span> 
     </span>
     <span class='ocr_line' id='line_1_38' title="bbox 110 4133 1343 4205; baseline -0.002 -13"><span class='ocrx_word' id='word_1_396' title='bbox 110 4138 241 4192; x_wconf 92' lang='lat' dir='ltr'><strong>ultimum</strong></span> <span class='ocrx_word' id='word_1_397' title='bbox 266 4136 375 4190; x_wconf 88' lang='lat' dir='ltr'><strong>sceleris</strong></span> <span class='ocrx_word' id='word_1_398' title='bbox 400 4135 517 4205; x_wconf 89' lang='lat' dir='ltr'><strong>implens</strong></span> <span class='ocrx_word' id='word_1_399' title='bbox 537 4150 613 4203; x_wconf 88' lang='lat' dir='ltr'><strong>opus,</strong></span> <span class='ocrx_word' id='word_1_400' title='bbox 633 4133 802 4188; x_wconf 88' lang='lat' dir='ltr'><strong>crudelitatis</strong></span> <span class='ocrx_word' id='word_1_401' title='bbox 825 4137 852 4187; x_wconf 94' lang='lat' dir='ltr'><strong>et</strong></span> <span class='ocrx_word' id='word_1_402' title='bbox 872 4133 982 4187; x_wconf 88' lang='lat' dir='ltr'><strong>sceleris</strong></span> <span class='ocrx_word' id='word_1_403' title='bbox 1009 4150 1025 4186; x_wconf 89' lang='lat' dir='ltr'><strong>a</strong></span> <span class='ocrx_word' id='word_1_404' title='bbox 1052 4134 1139 4188; x_wconf 89' lang='lat' dir='ltr'><strong>tribus</strong></span> <span class='ocrx_word' id='word_1_405' title='bbox 1159 4134 1228 4187; x_wconf 89' lang='lat' dir='ltr'><strong>nihil</strong></span> <span class='ocrx_word' id='word_1_406' title='bbox 1251 4141 1343 4190; x_wconf 89' lang='lat' dir='ltr'><strong>actum</strong></span> 
     </span>
     <span class='ocr_line' id='line_1_39' title="bbox 109 4233 1343 4305; baseline -0.002 -13"><span class='ocrx_word' id='word_1_407' title='bbox 109 4238 198 4304; x_wconf 83' lang='lat' dir='ltr'><strong>duxlt,</strong></span> <span class='ocrx_word' id='word_1_408' title='bbox 215 4237 266 4290; x_wconf 88' lang='lat' dir='ltr'><strong>nisi</strong></span> <span class='ocrx_word' id='word_1_409' title='bbox 285 4240 398 4305; x_wconf 88' lang='lat' dir='ltr'><strong>quartus</strong></span> <span class='ocrx_word' id='word_1_410' title='bbox 419 4235 476 4303; x_wconf 88' lang='lat' dir='ltr'><strong>ipse</strong></span> <span class='ocrx_word' id='word_1_411' title='bbox 496 4235 583 4288; x_wconf 89' lang='lat' dir='ltr'><strong>tribus</strong></span> <span class='ocrx_word' id='word_1_412' title='bbox 602 4234 656 4288; x_wconf 89' lang='lat' dir='ltr'><strong>illis</strong></span> <span class='ocrx_word' id='word_1_413' title='bbox 668 4233 804 4287; x_wconf 89' lang='lat' dir='ltr'><strong>crudelior</strong></span> <span class='ocrx_word' id='word_1_414' title='bbox 821 4238 848 4286; x_wconf 90' lang='lat' dir='ltr'><strong>et</strong></span> <span class='ocrx_word' id='word_1_415' title='bbox 866 4233 1024 4288; x_wconf 89' lang='lat' dir='ltr'><strong>sceleratior</strong></span> <span class='ocrx_word' id='word_1_416' title='bbox 1035 4239 1186 4302; x_wconf 86' lang='lat' dir='ltr'><strong>appareret.</strong></span> <span class='ocrx_word' id='word_1_417' title='bbox 1199 4235 1343 4290; x_wconf 89' lang='lat' dir='ltr'><strong>Victimam</strong></span> 
     </span>
     <span class='ocr_line' id='line_1_40' title="bbox 109 4330 1344 4404; baseline -0.002 -15"><span class='ocrx_word' id='word_1_418' title='bbox 109 4351 176 4404; x_wconf 86' lang='lat' dir='ltr'><strong>ergo</strong></span> <span class='ocrx_word' id='word_1_419' title='bbox 198 4335 246 4388; x_wconf 82' lang='lat' dir='ltr'><strong>bei</strong></span> <span class='ocrx_word' id='word_1_420' title='bbox 262 4333 364 4388; x_wconf 89' lang='lat' dir='ltr'><strong>summi</strong></span> <span class='ocrx_word' id='word_1_421' title='bbox 383 4339 504 4387; x_wconf 84' lang='lat' dir='ltr'><strong>sanctam</strong></span> <span class='ocrx_word' id='word_1_422' title='bbox 524 4339 603 4386; x_wconf 73' lang='lat' dir='ltr'><strong>terrae</strong></span> <span class='ocrx_word' id='word_1_423' title='bbox 621 4332 679 4399; x_wconf 88' lang='lat' dir='ltr'><strong>jam</strong></span> <span class='ocrx_word' id='word_1_424' title='bbox 696 4331 846 4399; x_wconf 88' lang='lat' dir='ltr'><strong>collapsam</strong></span> <span class='ocrx_word' id='word_1_425' title='bbox 864 4330 999 4399; x_wconf 88' lang='lat' dir='ltr'><strong>pulsuque</strong></span> <span class='ocrx_word' id='word_1_426' title='bbox 1017 4347 1145 4399; x_wconf 87' lang='lat' dir='ltr'><strong>supremo</strong></span> <span class='ocrx_word' id='word_1_427' title='bbox 1166 4330 1344 4400; x_wconf 86' lang='lat' dir='ltr'><strong>palpitantem</strong></span> 
     </span>
     <span class='ocr_line' id='line_1_41' title="bbox 59 4429 1344 4504; baseline -0.002 -16"><span class='ocrx_word' id='word_1_428' title='bbox 59 4446 90 4498; x_wconf 64' lang='lat'><strong>40</strong></span> <span class='ocrx_word' id='word_1_429' title='bbox 109 4443 194 4504; x_wconf 87' lang='lat' dir='ltr'><strong>atque</strong></span> <span class='ocrx_word' id='word_1_430' title='bbox 211 4433 389 4502; x_wconf 82' lang='lat' dir='ltr'><strong>expirantem,</strong></span> <span class='ocrx_word' id='word_1_431' title='bbox 405 4448 440 4486; x_wconf 90' lang='lat' dir='ltr'><strong>ne</strong></span> <span class='ocrx_word' id='word_1_432' title='bbox 457 4430 598 4485; x_wconf 90' lang='lat' dir='ltr'><strong>homicidii</strong></span> <span class='ocrx_word' id='word_1_433' title='bbox 616 4435 672 4483; x_wconf 87' lang='lat' dir='ltr'><strong>tam</strong></span> <span class='ocrx_word' id='word_1_434' title='bbox 693 4429 824 4483; x_wconf 87' lang='lat' dir='ltr'><strong>horrendi</strong></span> <span class='ocrx_word' id='word_1_435' title='bbox 844 4445 899 4482; x_wconf 89' lang='lat' dir='ltr'><strong>non</strong></span> <span class='ocrx_word' id='word_1_436' title='bbox 918 4433 991 4483; x_wconf 87' lang='lat' dir='ltr'><strong>esset</strong></span> <span class='ocrx_word' id='word_1_437' title='bbox 1011 4430 1070 4498; x_wconf 88' lang='lat' dir='ltr'><strong>ipse</strong></span> <span class='ocrx_word' id='word_1_438' title='bbox 1088 4446 1158 4494; x_wconf 89' lang='lat' dir='ltr'><strong>reus,</strong></span> <span class='ocrx_word' id='word_1_439' title='bbox 1176 4430 1266 4485; x_wconf 89' lang='lat' dir='ltr'><strong>furiali</strong></span> <span class='ocrx_word' id='word_1_440' title='bbox 1284 4447 1344 4485; x_wconf 91' lang='lat' dir='ltr'><strong>cru-</strong></span> 
     </span>
     <span class='ocr_line' id='line_1_42' title="bbox 111 4527 1345 4598; baseline -0.004 -11"><span class='ocrx_word' id='word_1_441' title='bbox 111 4533 224 4588; x_wconf 89' lang='lat' dir='ltr'><strong>delitate</strong></span> <span class='ocrx_word' id='word_1_442' title='bbox 245 4531 428 4586; x_wconf 88' lang='lat' dir='ltr'><strong>debacchatus</strong></span> <span class='ocrx_word' id='word_1_443' title='bbox 447 4531 523 4584; x_wconf 88' lang='lat' dir='ltr'><strong>stetit</strong></span> <span class='ocrx_word' id='word_1_444' title='bbox 545 4546 626 4598; x_wconf 87' lang='lat' dir='ltr'><strong>super</strong></span> <span class='ocrx_word' id='word_1_445' title='bbox 645 4544 709 4582; x_wconf 91' lang='lat' dir='ltr'><strong>eum</strong></span> <span class='ocrx_word' id='word_1_446' title='bbox 729 4533 764 4591; x_wconf 79' lang='lat' dir='ltr'><strong>et,</strong></span> <span class='ocrx_word' id='word_1_447' title='bbox 787 4527 878 4597; x_wconf 84' lang='lat' dir='ltr'><strong>gladio</strong></span> <span class='ocrx_word' id='word_1_448' title='bbox 897 4527 1005 4581; x_wconf 88' lang='lat' dir='ltr'><strong>fortiter</strong></span> <span class='ocrx_word' id='word_1_449' title='bbox 1023 4528 1134 4594; x_wconf 93' lang='lat' dir='ltr'><strong>inflicto,</strong></span> <span class='ocrx_word' id='word_1_450' title='bbox 1147 4530 1235 4583; x_wconf 83' lang='lat' dir='ltr'><strong>sancti</strong></span> <span class='ocrx_word' id='word_1_451' title='bbox 1247 4529 1345 4596; x_wconf 87' lang='lat' dir='ltr'><strong>eapitis</strong></span> 
     </span>
     <span class='ocr_line' id='line_1_43' title="bbox 111 4627 1346 4702; baseline -0.005 -15"><span class='ocrx_word' id='word_1_452' title='bbox 111 4635 172 4702; x_wconf 78' lang='lat' dir='ltr'><strong>eius</strong></span> <span class='ocrx_word' id='word_1_453' title='bbox 195 4631 305 4685; x_wconf 90' lang='lat' dir='ltr'><strong>rasilem</strong></span> <span class='ocrx_word' id='word_1_454' title='bbox 325 4646 456 4684; x_wconf 89' lang='lat' dir='ltr'><strong>coronam</strong></span> <span class='ocrx_word' id='word_1_455' title='bbox 473 4629 576 4682; x_wconf 83' lang='lat' dir='ltr'><strong>abrasit</strong></span> <span class='ocrx_word' id='word_1_456' title='bbox 594 4644 649 4681; x_wconf 92' lang='lat' dir='ltr'><strong>uno</strong></span> <span class='ocrx_word' id='word_1_457' title='bbox 669 4628 731 4691; x_wconf 89' lang='lat' dir='ltr'><strong>ictu,</strong></span> <span class='ocrx_word' id='word_1_458' title='bbox 757 4643 819 4681; x_wconf 92' lang='lat' dir='ltr'><strong>cum</strong></span> <span class='ocrx_word' id='word_1_459' title='bbox 843 4643 925 4680; x_wconf 89' lang='lat' dir='ltr'><strong>carne</strong></span> <span class='ocrx_word' id='word_1_460' title='bbox 944 4627 1113 4682; x_wconf 86' lang='lat' dir='ltr'><strong>circumfusa</strong></span> <span class='ocrx_word' id='word_1_461' title='bbox 1135 4633 1236 4682; x_wconf 89' lang='lat' dir='ltr'><strong>testam</strong></span> <span class='ocrx_word' id='word_1_462' title='bbox 1265 4629 1346 4682; x_wconf 90' lang='lat' dir='ltr'><strong>dissi·</strong></span> 
     </span>
     <span class='ocr_line' id='line_1_44' title="bbox 111 4726 1344 4804; baseline -0.002 -19"><span class='ocrx_word' id='word_1_463' title='bbox 111 4733 203 4804; x_wconf 84' lang='lat' dir='ltr'><strong>pavit;</strong></span> <span class='ocrx_word' id='word_1_464' title='bbox 219 4735 255 4792; x_wconf 91' lang='lat' dir='ltr'><strong>et,</strong></span> <span class='ocrx_word' id='word_1_465' title='bbox 271 4729 366 4784; x_wconf 89' lang='lat' dir='ltr'><strong>sceleri</strong></span> <span class='ocrx_word' id='word_1_466' title='bbox 388 4730 499 4798; x_wconf 75' lang='lat' dir='ltr'><strong>eiusne</strong></span> <span class='ocrx_word' id='word_1_467' title='bbox 521 4728 587 4797; x_wconf 90' lang='lat' dir='ltr'><strong>quid</strong></span> <span class='ocrx_word' id='word_1_468' title='bbox 607 4727 715 4781; x_wconf 82' lang='lat' dir='ltr'><strong>deesset</strong></span> <span class='ocrx_word' id='word_1_469' title='bbox 733 4728 791 4796; x_wconf 86' lang='lat' dir='ltr'><strong>ipse</strong></span> <span class='ocrx_word' id='word_1_470' title='bbox 816 4726 924 4789; x_wconf 86' lang='lat' dir='ltr'><strong>timens,</strong></span> <span class='ocrx_word' id='word_1_471' title='bbox 944 4726 1027 4795; x_wconf 89' lang='lat' dir='ltr'><strong>gladii</strong></span> <span class='ocrx_word' id='word_1_472' title='bbox 1048 4728 1155 4782; x_wconf 86' lang='lat' dir='ltr'><strong>omenti</strong></span> <span class='ocrx_word' id='word_1_473' title='bbox 1182 4743 1344 4782; x_wconf 90' lang='lat' dir='ltr'><strong>mucronem</strong></span> 
     </span>
    </p>
   </div>
   <div class='ocr_carea' id='block_1_3' title="bbox 0 0 1641 5392">
    <p class='ocr_par' dir='ltr' id='par_1_3' title="bbox 0 0 1641 5392">
     <span class='ocr_line' id='line_1_45' title="bbox 0 0 1641 5392; baseline 0 0"><span class='ocrx_word' id='word_1_474' title='bbox 0 0 1641 5392; x_wconf 95' lang='lat' dir='ltr'><strong> </strong></span> 
     </span>
    </p>
   </div>
  </div>
 </body>
</html>
