3142 5392
314 306 388 382 544
651 325 777 380 caran.
804 325 908 378 cono.
934 322 1214 378 nnoroonnrmc.

315 519 435 571 tudinem
448 535 529 585 quom
540 520 569 570 tn
579 535 609 570 co
619 519 716 585 celper
728 526 857 571 naturum
867 525 997 585 posuerat
1013 518 1053 570 oet
1069 533 1122 584 per
1136 520 1259 584 oratiam
1277 519 1302 570 et
1317 518 1447 570 collatum
1458 528 1505 581 unt,

315 619 540 684 concupiscentem

414 719 479 790 490
506 718 620 808 [Visio
639 718 826 810 quaedam]
844 717 922 809 (fol.
945 719 1052 806 191¹).

350 848 409 902 Vid.
422 864 513 917 supra,
525 865 550 916 p.
561 850 619 913 496,
630 849 680 901 13⁰.

415 950 479 1023 500
506 950 605 1042 [Vita
622 951 680 1023 B¹³e
703 947 947 1042 Hildegardis]
966 948 1043 1040 (fol.
1067 949 1280 1040 tar-uoco.

353 1083 415 1136 Vita
445 1081 604 1135 auctoribus
631 1079 779 1134 Godeirido
806 1084 834 1133 et
859 1079 1030 1133 Theoderico
1057 1079 1211 1144 monachis,
1228 1079 1350 1147 editeiu
1368 1082 1420 1133 Act.
1435 1079 1513 1143 Shad

317 1186 342 1239 d.
353 1184 383 1237 17
393 1182 474 1250 Sept..
484 1186 549 1234 tom.
561 1181 591 1237 V.
602 1197 628 1248 p.
639 1180 757 1233 oto-697.
767 1208 793 1217 -
808 1179 899 1232 Habet
908 1180 968 1232 cod.
977 1179 1049 1232 lectt.
1058 1195 1128 1232 verr.
1138 1183 1249 1232 notatas
1258 1195 1348 1248 supra
1358 1196 1383 1248 p.
1394 1179 1471 1233 then
1480 1178 1515 1231 til.

417 1262 479 1358 510
505 1281 711 1375 [Lectiones
729 1283 773 1354 oe
791 1282 850 1353 ata
871 1279 1104 1373 hildegarde]
1117 1280 1197 1373 (for.
1212 1281 1423 1370 noo-mo).

351 1417 436 1470 Editte
446 1415 517 1482 apud
528 1413 610 1475 Phra,
623 1418 689 1466 tom.
699 1413 751 1476 cit,
764 1429 789 1480 p.
800 1412 917 1465 rat-las.
1085 1438 1089 1446 ι

417 1519 481 1590 520
507 1514 686 1607 [Epistola
711 1514 874 1587 ecelesiae
900 1514 945 1586 de
963 1512 1089 1586 Villari
1113 1512 1161 1586 ad
1187 1512 1232 1585 H.
1257 1511 1474 1586 abbatissam
1488 1512 1520 1583 dc

465 1631 613 1723 Binges]
632 1630 709 1721 (fol.
730 1631 944 1719 utor-ull).

352 1760 685 1830 miramapnaosro.

418 1865 481 1937 53⁰
507 1862 602 1954 [Duo
632 1860 763 1952 hymni
795 1861 839 1933 de
874 1859 1034 1952 Legione
1059 1860 1325 1953 Thebaeorum]
1351 1860 1425 1951 (fol.
1449 1860 1524 1932 tlt·

467 1979 579 2068 till).

416 2125 497 2179 Alma
510 2124 610 2178 Christi
623 2125 734 2192 quando
745 2124 813 2177 fides
1033 2123 1110 2177 Tunc
1122 2123 1222 2176 annali
1234 2123 1351 2192 spiritali
1436 2175 1439 2180 .

450 2225 551 2278 blundo
563 2223 664 2292 passim
676 2223 792 2276 traditur
1066 2222 1137 2276 Ense
1149 2221 1253 2276 Christi
1266 2229 1408 2291 martyres.

417 2324 451 2378 Et
462 2340 510 2393 per
521 2323 592 2377 latos
604 2323 700 2376 mundi
712 2323 780 2376 fines
1033 2322 1231 2375 Submittentes
1244 2322 1324 2391 quasi
1337 2339 1423 2392 agnus

449 2423 513 2492 igne
526 2421 643 2492 flagrans
655 2422 753 2483 floruit,
1066 2420 1114 2474 Pia
1125 2420 1196 2474 colla
1207 2421 1313 2490 jugulo,

417 2522 495 2577 Tunc
507 2522 588 2591 elegit
600 2521 651 2575 sibi
664 2526 770 2588 gratum
1034 2519 1257 2588 Triumphabant
1270 2522 1409 2584 trucidati,

449 2621 561 2675 Militem
574 2620 742 2682 Mauriciuin,
1066 2619 1162 2686 Spreto
1174 2620 1273 2674 mundi
1282 2621 1413 2690 principe.

418 2817 470 2884 Qui
482 2816 595 2872 loricam
608 2817 661 2869 tide
675 2821 773 2869 tectam
1034 2818 1249 2871 Contemnentes
1262 2817 1450 2873 blandimenta

448 2916 522 2970 Forti
535 2921 644 2985 gestans
656 2921 775 2985 pectore.
1067 2916 1260 2985 Tyranuorum
1274 2919 1368 2982 noxia,

415 3016 476 3083 Qua
487 3016 567 3069 beata
580 3016 763 3070 Thebaeorum
1033 3017 1122 3071 Flacci
1134 3017 1259 3086 pendunt
1271 3019 1370 3072 mundi
1383 3035 1471 3088 poenas

450 3115 583 3168 Induebat
594 3116 710 3184 agmina,
1065 3116 1121 3169 Sub
1133 3122 1278 3170 momento
1291 3118 1411 3183 vincere,

416 3214 458 3268 nd
471 3214 600 3268 coelorum
614 3220 644 3267 ul
656 3221 796 3269 consortes
1035 3216 1070 3270 Ut
1082 3216 1202 3269 ditentur
1214 3217 1385 3286 sempiterno

449 3313 577 3367 Incitaret
589 3316 708 3382 proemia.
1065 3315 1129 3369 Sine
1140 3316 1196 3369 fine
1208 3333 1333 3370 munere.

418 3510 519 3581 Martyr
530 3529 607 3566 sacer
619 3528 673 3580 quo
687 3511 797 3564 vocarit
1035 3512 1112 3565 Diem
1125 3513 1226 3567 testum
1241 3515 1398 3570 revolutum

451 3612 561 3666 Inclitus
573 3611 726 3675 Mauricius,
1068 3612 1137 3665 Anni
1150 3618 1289 3667 monstrat
1301 3615 1392 3670 orbita

104 3706 118 3738 ⁸
129 3707 185 3761 cod.
197 3706 294 3761 simus.
418 3710 521 3764 Omnes
533 3709 614 3763 simul
624 3711 637 3739 *
647 3709 727 3778 (pansi
739 3727 810 3763 unus
1036 3709 1096 3777 Quo
1110 3710 1191 3763 beata
1204 3711 1389 3768 Thebmorum

450 3810 505 3872 Vir,
519 3809 592 3862 dictu
605 3809 738 3872 mirabile,
1068 3809 1217 3878 Legionem
1230 3811 1358 3876 colimus,

418 3910 460 3962 Ad
473 3924 603 3962 coronam
616 3909 825 3977 promerendam
1037 3907 1121 3977 AEgris
1133 3908 1207 3962 salus
1216 3926 1275 3979 quo
1288 3917 1432 3980 praestatur

155 4005 169 4037 ¹*
180 4008 237 4062 cod.
451 4007 639 4075 Properabnnt
649 4008 662 4038 *
671 4007 783 4062 coelitus.
1068 4007 1163 4062 caecus
1176 4009 1251 4063 visus
1264 4010 1394 4065 tunditur.

107 4072 281 4142 properabat.

714 4203 791 4257 Nunc
802 4209 969 4273 quapropter
980 4205 1163 4275 supplicantes

746 4302 788 4355 llli
800 4319 893 4371 preces
906 4303 1046 4357 fundimus

714 4402 750 4455 Ut
762 4402 887 4470 dignetur
898 4403 979 4457 nohis
991 4403 1131 4469 Christum

745 4501 845 4556 Facere
856 4502 1012 4572 propitium,

713 4599 801 4668 Quem
814 4603 927 4668 amavit,
940 4602 967 4657 in
979 4619 1034 4671 quo
1046 4609 1142 4674 regnat

748 4700 824 4755 Nunc
837 4709 864 4756 et
876 4702 904 4756 in
916 4708 1086 4772 perpetuum.
1096 4704 1194 4759 Amen.
