3142 5392
169 289 217 363 86
504 309 629 361 aaran.
656 309 760 361 conn.
787 309 1062 362 aaaroonnrruc.

167 498 313 554 interficiat
320 518 327 563 ;
340 497 377 552 ibi
389 514 464 552 mors
476 503 588 553 cruenta
599 499 690 553 sinum
699 500 781 565 laxat,
790 503 821 553 ut
832 515 914 568 quem
932 499 1064 569 receperit
1081 499 1155 554 male
1166 499 1284 556 intereat:
1292 520 1335 573 que

168 597 327 667 perditionis
350 597 507 651 cmdelitate
527 614 593 652 mon
613 599 788 662 mansuescit,
812 615 872 667 qua
895 614 912 651 a
932 598 997 652 dirae
1018 599 1177 653 voracitatis
1204 599 1339 669 ingluviem

168 696 311 760 desuescit,
322 697 400 765 cujus
408 696 534 750 stimulus
546 697 717 763 inevitabilis,
726 702 851 767 aspectus
868 697 1056 762 formidabilis,
1065 699 1209 768 prasentia
1218 706 1257 754 est
1265 701 1339 757 intoler

169 795 239 849 bilis.
249 795 310 859 Sed,
319 795 389 849 sicut
405 795 569 859 dictumest,
582 796 657 850 callis
670 796 747 852 istius
765 801 887 851 meatum
902 796 1061 851 calcabilem
1077 799 1255 869 perviumque
1270 800 1339 870 fecitq

169 910 226 948 non
234 911 312 948 suam
322 895 370 949 sed
379 895 466 948 Patris
479 895 567 949 facere
580 895 749 950 voluntatem
760 896 842 960 venit,
851 896 899 964 qui
907 896 991 950 etiam
1008 901 1126 951 mortem
1139 898 1276 953 moriendo
1283 899 1339 954 devia

169 997 200 1048 ut
211 993 330 1047 evidenti
347 993 472 1062 exemplo
491 993 691 1047 demonstraret
710 998 843 1063 quantum
864 993 981 1062 abjectio
1001 995 1119 1064 propriae
1132 995 1277 1051 voluntatis
1285 1003 1337 1052 etto

169 1092 258 1147 rantia
275 1092 409 1162 passionis
426 1092 549 1147 valeret¹
567 1092 614 1161 qui
635 1096 730 1146 contra
747 1092 842 1146 mundi
860 1092 1009 1162 principem
1028 1097 1168 1148 certarnen
1183 1095 1267 1150 iniret
1277 1095 1338 1150 Unde

169 1191 302 1260 alloquor,
320 1190 485 1259 quicumque
505 1191 540 1244 ad
560 1190 648 1245 Deum
666 1190 793 1259 suspiras,
810 1190 976 1259 quicumque
994 1191 1030 1244 ad
1048 1192 1134 1246 vitain
1152 1194 1339 1249 festinasrsifd

169 1289 227 1358 spei
251 1294 279 1342 et
300 1287 420 1341 caritatis
442 1292 581 1341 armatura
602 1287 730 1351 induaris,
754 1303 837 1355 super
858 1287 967 1341 leonem
992 1288 1104 1357 impune
1126 1291 1283 1344 ambulabis.
1301 1292 1339 1359 Qu

170 1386 236 1439 dum
256 1385 452 1454 pertransieris,
471 1384 560 1454 ipsum
581 1401 690 1454 quoque
707 1385 816 1439 leonem
837 1385 939 1455 absque
959 1385 999 1439 tui
1016 1386 1130 1441 laesione
1150 1389 1302 1443 fiducialiter
1320 1406 1339 1443 cc

170 1484 298 1537 culcabis.
319 1484 399 1550 Quod
419 1483 442 1536 si
463 1484 605 1552 contigerit
625 1488 656 1536 ut
671 1483 721 1537 tibi
744 1483 838 1537 videas
859 1483 1002 1537 imminere
1022 1485 1174 1554 periculum
1197 1488 1288 1541 mortis
1306 1493 1339 1558 atq

170 1596 220 1651 pro
242 1580 398 1635 testimonio
420 1580 542 1634 veritatis
561 1581 597 1634 ad
617 1580 808 1649 deponendam
825 1580 908 1648 hujus
927 1581 1108 1651 corruptionis
1120 1583 1241 1637 tunicam
1254 1590 1339 1654 erpelu

170 1680 235 1734 nolo
252 1696 333 1749 super
352 1681 405 1734 hoc
426 1695 599 1748 quocumque
616 1679 700 1732 modo
718 1678 852 1744 terrearis,
873 1679 938 1748 quia
955 1680 1046 1734 statim
1063 1681 1181 1750 accipies
1193 1688 1292 1737 vestem
1302 1684 1339 1737 bea

170 1779 391 1834 immortalitatis.
409 1778 469 1845 Qua
488 1778 606 1842 indutus
624 1795 715 1847 regem
735 1778 835 1847 gloriae,
852 1795 909 1832 non
926 1779 996 1832 sicut
1012 1779 1059 1849 qui
1079 1781 1114 1833 ad
1135 1781 1310 1836 damnationis
1327 1800 1339 1835 s

170 1883 346 1947 augmentum
356 1877 488 1932 videbunt
504 1877 531 1931 in
549 1893 631 1946 quern
643 1878 844 1940 transfixerunt,
862 1878 911 1931 sed
922 1878 1001 1931 sicuti
1013 1883 1054 1931 est
1070 1879 1100 1932 in
1111 1896 1162 1933 suo
1175 1881 1270 1935 decore
1281 1881 1339 1934 videl

170 1978 240 2032 Cum
260 1994 315 2046 quo
331 1977 414 2031 etiam
434 1977 508 2045 quod
528 1980 613 2029 restat
631 1975 772 2038 mercedis,
793 1975 921 2029 ultimum
941 1976 1009 2029 illud
1029 1982 1058 2031 et
1080 1994 1145 2033 vere
1165 1979 1230 2033 felix
1252 1981 1339 2050 pramir

170 2077 332 2145 expectabis,
345 2075 534 2144 utperfectum
549 2076 653 2128 habeas
663 2075 792 2143 gaudium
806 2074 833 2127 in
843 2075 1064 2130 'remuneratione
1077 2082 1242 2132 sanctorum.
1258 2079 1284 2132 Si
1298 2084 1339 2132 aut

170 2175 284 2230 idoneus
292 2192 347 2228 non
359 2175 444 2228 fueris
455 2174 578 2227 laborem
590 2173 661 2226 ferre
670 2173 800 2241 martyrii,
810 2174 911 2242 poteris
928 2175 981 2228 hoc
998 2175 1082 2229 modo
1100 2178 1251 2232 consociari
1271 2183 1339 2247 mart)

170 2274 229 2339 bus,
237 2274 260 2327 si
273 2290 368 2327 eorum
381 2272 507 2341 exemplo
520 2272 604 2335 vivas,
616 2271 639 2324 si
651 2271 772 2324 animam
793 2276 869 2325 tuam
881 2272 910 2325 in
928 2273 1059 2341 patientia
1071 2275 1219 2343 possideas,
1235 2278 1258 2330 si
1276 2278 1302 2331 in
1311 2277 1339 2330 alt

170 2373 250 2427 bonae
267 2372 433 2441 operationis
452 2371 543 2425 hostia
566 2371 616 2424 fias
639 2370 807 2439 placationis.
832 2372 900 2425 Ecce
920 2387 1043 2440 propono
1057 2372 1105 2426 tibi
1127 2390 1209 2442 quern
1228 2381 1255 2429 te
1271 2381 1339 2446 oport

170 2472 280 2535 imitari,
288 2488 342 2540 quo
355 2471 423 2525 duce
433 2472 468 2524 ad
479 2469 586 2539 pietatis
604 2469 707 2523 cultum
716 2469 817 2523 debeas
826 2469 975 2535 informari,
986 2471 1150 2540 Cyprianum
1164 2474 1293 2540 videlicet
1303 2476 1339 2528 vir

170 2571 344 2635 catholicum,
361 2587 488 2624 sermone
505 2569 681 2633 luculentum,
694 2570 821 2638 operibus
834 2569 974 2638 insignem,
995 2570 1099 2625 meritis
1117 2572 1258 2638 illustrem,
1278 2575 1303 2628 in
1314 2591 1339 2628 cu

171 2670 295 2725 doctrina
315 2669 338 2723 si
354 2671 426 2723 forte
449 2668 592 2738 quieveris,
612 2685 629 2720 a
648 2684 747 2721 somno
770 2668 872 2737 teporis
895 2673 922 2722 et
943 2669 1100 2738 ignorantia
1126 2671 1232 2726 facilius
1248 2674 1339 2743 evigila

170 2769 276 2838 Scripta
285 2768 410 2837 Cypriani
419 2768 485 2836 lege,
494 2767 579 2821 vitam
588 2766 703 2820 imitare.
715 2765 862 2820 Auctorem
872 2767 954 2835 hujus
963 2768 1086 2836 opusculi
1097 2785 1147 2823 nec
1157 2772 1278 2840 requiras
1285 2789 1339 2826 nour

172 2885 223 2923 nec
232 2867 354 2936 sequaris
364 2883 453 2935 opere,
466 2866 537 2935 quia,
551 2870 581 2919 ut
592 2865 682 2919 verius
695 2866 819 2930 fateatur,
840 2865 896 2919 vita
912 2866 1023 2930 inutilis,
1035 2868 1159 2922 moribus
1177 2872 1339 2941 contemptib

172 2967 380 3023 conversatione
398 2981 507 3035 quoque
530 2964 666 3019 invenitur
678 2965 905 3033 reprehensibilis.
915 2965 994 3031 Quod
1012 2971 1104 3020 autem
1117 2968 1176 3022 baec
1189 2986 1339 3040 praestlmpst

172 3065 333 3122 temeritatis
353 3066 467 3119 audacia
490 3079 546 3117 non
565 3063 707 3131 persuasit,
729 3063 778 3116 sed
798 3063 960 3117 obedientiae
988 3064 1131 3134 disciplina
1151 3067 1198 3122 diu
1218 3069 1339 3124 reluctan‘

172 3164 325 3234 saepiusque
337 3162 498 3232 parvitatem
517 3159 645 3229 ingenioli
661 3160 874 3228 praetendentem
890 3161 985 3229 coegit.
1006 3161 1034 3214 Si
1053 3167 1145 3216 autem
1166 3181 1258 3219 sermo
1283 3167 1339 3221 inca

172 3261 304 3331 displicet,
313 3259 369 3313 noli
381 3264 473 3313 tamen
484 3258 614 3312 desistere
633 3260 789 3310 sanctorum
808 3257 974 3327 exemplaria
993 3259 1088 3313 sedulo
1106 3259 1247 3330 inspicere,
1265 3264 1310 3317 ubi
1330 3265 1339 3318 ι’

171 3359 332 3431 cognoveris
344 3374 446 3412 corona
458 3356 580 3426 martyrii
590 3372 672 3425 quam
682 3355 801 3424 pretioso
815 3356 916 3424 fulgeat
927 3357 1024 3426 lapide,
1036 3359 1129 3412 statim
1139 3361 1229 3415 omnis
1237 3379 1339 3432 compo!

169 3459 300 3516 secularis
311 3474 417 3528 pompae
429 3457 478 3511 tibi
487 3456 592 3510 vilescit
604 3456 631 3509 in
643 3459 743 3508 mente.

213 3558 247 3616 2.
270 3555 389 3612 Romani
400 3556 481 3625 igitur
492 3553 622 3623 dignitate
634 3553 740 3623 imperii
749 3553 908 3607 Valerianus
919 3558 948 3607 et
966 3554 1094 3609 Galienus
1106 3556 1172 3610 olirn
1193 3560 1300 3626 praediti
1315 3561 1339 3613 fu

171 3658 246 3713 illam
258 3672 401 3727 perquam
413 3653 500 3708 sancti
514 3653 639 3706 vicerunt
659 3651 801 3709 mundum.
823 3651 865 3705 cui
885 3656 970 3720 portae
994 3668 1048 3706 uon
1071 3655 1220 3722 praevalent
1239 3658 1339 3712 inleror

170 3772 255 3826 quam
264 3754 311 3824 qui
319 3754 403 3807 habet
412 3751 495 3806 etiam
513 3755 621 3804 montes
632 3750 769 3813 transfert,
782 3749 892 3803 diabolo
905 3750 1050 3819 instigante
1068 3753 1210 3806 tentabant
1230 3755 1339 3825 impugn

170 3859 199 3909 et
215 3857 351 3924 quotquot
362 3852 445 3920 hujus
457 3854 538 3903 sectae
551 3849 720 3919 professores
732 3849 893 3902 invenerant
910 3850 975 3902 dirae
994 3849 1091 3903 mortis
1112 3851 1233 3905 cruciatu
1245 3870 1339 3907 macer

169 3952 349 4008 suffocabant
358 3950 411 4004 Sed
420 3953 448 4003 et
456 3947 603 4018 proconsul
611 3948 744 4002 Paternus
757 3948 853 4017 spiritu
863 3948 1038 4018 malignitatis
1045 3949 1231 4004 inflammatus
1241 3951 1339 4006 incend

170 4048 366 4120 persecutionis
377 4051 441 4101 tunc
451 4046 547 4101 ceteris
554 4047 709 4116 exagitabat
717 4047 863 4110 ardentius,
876 4052 1000 4102 nontam
1013 4065 1085 4101 caeco
1098 4048 1189 4103 furore
1211 4050 1339 4119 impiorur

170 4151 268 4217 agente
277 4162 360 4216 quam
372 4144 482 4214 superni
490 4149 629 4214 respectus
636 4145 731 4214 gratia,
743 4149 773 4197 ut
782 4144 925 4210 credimus,
935 4145 1117 4213 permittente,
1126 4150 1156 4199 ut
1166 4146 1293 4201 videlicet
1301 4164 1339 4202 mr

170 4244 320 4299 Dominicce
329 4244 425 4298 tritura
434 4244 461 4298 in
470 4243 571 4298 coelesti
583 4245 718 4314 apotheca
728 4243 896 4298 inveniretur
907 4260 975 4312 pura
985 4248 1067 4312 atque
1079 4244 1185 4298 decora.
1198 4245 1291 4313 lgitur,
1305 4246 1338 4299 de

170 4348 247 4397 rente
255 4344 337 4412 huius
345 4343 503 4412 questionis
512 4343 621 4412 negotio
630 4348 712 4412 atque
721 4343 854 4396 mundum
864 4348 1025 4412 perurgente
1035 4343 1112 4397 istius
1129 4344 1262 4412 propositi
1275 4345 1339 4398 artic

170 4438 222 4494 fuit
232 4439 261 4493 in
273 4440 435 4510 Carthagine
447 4441 489 4494 vir
499 4441 634 4510 gloriosus
645 4441 756 4495 nomine
769 4441 926 4511 Cyprianus,
935 4458 1017 4511 quem
1030 4457 1135 4510 magnae
1147 4442 1211 4496 vitae
1223 4443 1339 4497 meriton

168 4553 309 4592 summurn
321 4539 459 4607 promovit
467 4540 581 4609 gradum
593 4539 829 4609 episcopatusllic
838 4539 927 4609 primo
939 4540 1048 4609 quidem
1062 4540 1090 4593 in
1099 4540 1339 4595 rhetorieahabeb:

204 4701 342 4755 1ειιὸαιιᾱι·
350 4701 429 4757 illius.
