3248 5392
252 361 324 434 358
588 385 714 436 CATAL.
740 386 844 438 CODD.
870 386 1151 439 tinulouanPfflC.

252 571 348 625 luisset
358 571 434 625 illum
447 588 557 626 sensum
571 573 726 628 devotionis
738 579 765 628 et
777 574 986 631 illuminationis
998 592 1058 630 esse
1070 592 1088 629 a
1099 576 1202 630 virtute
1213 580 1242 630 et
1252 577 1341 631 ardore
1348 577 1437 647 lqertb

251 685 285 722 eo
297 670 371 737 quod
381 669 449 723 alias
460 686 516 722 non
527 670 648 735 sentiret,
657 671 708 725 nisi
719 688 781 725 eum
793 672 880 741 ipsum
893 673 1024 727 audiebat
1032 673 1179 742 legentem,
1188 673 1310 742 quaesirit
1318 674 1439 729 abeomde

251 773 358 837 poterat
374 769 427 821 hoc
440 785 499 822 esse
516 769 591 836 quod
613 771 697 823 verba
716 771 775 837 ejus
790 772 925 825 baberent
947 777 1054 825 tantam
1074 771 1229 825 efficaciam
1250 771 1277 826 in
1298 773 1441 833 audientibus

251 882 366 920 narrans
378 868 402 920 ei
415 868 555 935 quomodo
567 869 606 921 sic
619 869 754 923 acciderat
763 875 790 924 et
802 871 876 938 quod
886 870 987 939 pluries
997 875 1130 924 tentasset
1140 887 1237 924 seeum
1247 870 1443 942 legendamque

253 967 332 1019 batur
350 967 423 1020 enim
442 968 494 1021 sibi
508 967 590 1021 etiam
609 969 642 1021 de
656 968 723 1037 ipso,
739 971 958 1024 commendando
972 987 1044 1033 eum,
1056 970 1095 1023 ita
1106 987 1203 1024 secure
1220 970 1291 1025 sieut
1305 971 1463 1029 semiariani

252 1081 307 1119 uno
320 1071 423 1129 saneto,
434 1071 545 1135 propter
556 1067 609 1121 boc
622 1068 686 1136 quia
698 1084 839 1136 nunquam
852 1070 951 1123 babuit
963 1086 1063 1122 vanam
1075 1069 1201 1138 gloriam,
1214 1071 1285 1124 sicul
1300 1072 1400 1140 ipsemet
1407 1070 1445 1141 plu
1493 1064 1496 1151 ξ

253 1166 307 1218 ries
324 1166 430 1219 dixerat
446 1166 507 1219 sibi.
525 1167 567 1219 ad
582 1163 656 1235 quod
670 1169 727 1236 ipse
739 1168 823 1222 irater
835 1169 976 1237 respondit
988 1169 1015 1222 ¹:
1027 1171 1098 1237 Ipse,
1110 1168 1210 1237 inquit,
1221 1171 1299 1223 homo
1309 1174 1355 1238 oui
1363 1174 1388 1222 iri
1396 1174 1446 1224 aursi
1493 1170 1496 1227 ἔ

250 1264 352 1315 actione
359 1266 496 1329 priernittit
506 1267 601 1316 inentis
609 1266 777 1317 elevationem
789 1267 826 1318 ad
836 1267 922 1318 Deion
940 1274 963 1319 et
976 1268 1068 1319 onznia
1080 1267 1193 1319 ordinat
1204 1267 1243 1319 ad
1256 1267 1348 1331 Derris
1357 1270 1446 1321 inomni
1494 1270 1496 1305 ²

250 1360 299 1412 bris
309 1363 409 1413 irrrenit
421 1363 507 1414 Deam
516 1380 604 1416 sunni.
615 1362 738 1431 Cumque
751 1379 815 1431 ergo
825 1380 977 1432 quaererem
988 1363 1129 1432 quomodo
1140 1363 1243 1417 debeat
1251 1364 1310 1417 fieri
1321 1364 1368 1417 ista
1376 1365 1448 1417 nub
1491 1348 1496 1425 i

250 1458 367 1512 elevatio
382 1460 423 1512 vel
436 1460 579 1523 ordinatio,
592 1462 747 1530 respondit:
762 1464 869 1528 Frater,
881 1463 978 1531 inquit,
996 1465 1106 1531 quando
1122 1471 1153 1515 tn
1172 1465 1213 1516 oie
1231 1466 1324 1530 tepere,
1339 1472 1475 1533 ammenti
1493 1446 1496 1507 i

251 1560 352 1610 librum
364 1562 473 1626 operias
486 1562 561 1613 (lebes
573 1578 619 1613 cor
628 1569 704 1613 inlini
715 1563 752 1613 nd
766 1563 850 1614 Deion
860 1565 988 1629 diripere,
1001 1570 1025 1615 et
1037 1565 1125 1615 dicere
1137 1566 1164 1616 ei
1171 1582 1181 1615 .·
1192 1564 1316 1627 Domine,
1327 1566 1371 1617 iste
1380 1564 1448 1616 miiai-
1494 1550 1496 1591 ἦ

252 1675 311 1709 nius
322 1675 423 1723 serras,
441 1661 571 1725 indipnns
583 1664 656 1712 omni
675 1663 750 1725 bono,
769 1663 822 1712 erili
836 1664 944 1728 inpredi
962 1664 999 1715 od
1015 1663 1158 1715 thesauros
1175 1670 1237 1715 tuoe
1253 1682 1263 1714 .-
1278 1664 1449 1730 plaeomitid
1493 1606 1496 1693 i

251 1759 408 1810 introducas
417 1775 476 1809 enm
487 1767 510 1810 et
520 1761 566 1811 iles
578 1762 610 1823 ei,
621 1761 658 1811 rel
667 1761 743 1824 milri,
754 1762 783 1811 io
792 1761 836 1813 liis
845 1762 934 1814 verbis
945 1763 1128 1814 solertissimis
1142 1769 1167 1814 te
1175 1778 1337 1828 copnoaeere,
1348 1768 1374 1815 ut
1382 1762 1448 1815 reio
1494 1790 1496 1837 3

250 1875 312 1924 poor
323 1857 334 1890 2
343 1876 354 1921 ,·
366 1865 388 1909 et
397 1865 503 1909 tontum
512 1861 548 1910 da
559 1859 627 1910 milri
635 1876 789 1926 cognoscere
798 1868 929 1928 orinatum
940 1862 1019 1913 deiris
1027 1863 1223 1929 diliyere,quio
1232 1864 1294 1915 nolo
1302 1870 1449 1929 tecopnerrm
1493 1854 1496 1947 ff

253 1958 308 2008 nisi
318 1963 345 2007 nt
354 1958 476 2021 dilipurn.
490 1959 575 2022 Talis,
585 1957 681 2024 inquit,
692 1975 765 2011 niens
774 1961 803 2010 in
811 1961 860 2024 pri
862 1976 904 2010 rnn
914 1960 981 2010 libri
989 1961 1129 2025 opertione
1139 1962 1241 2012 invenit
1250 1961 1389 2013 Dominum
1395 1974 1449 2013 eren
1459 1964 1476 2011 n
1494 1954 1496 1965 '

252 2062 276 2107 et
285 2058 403 2107 occurrit
412 2059 443 2108 ai.
453 2055 530 2109 Unde
539 2056 604 2123 quia
613 2056 666 2109 boe
676 2056 733 2125 ipse
742 2055 860 2109 iaciebat
868 2072 983 2123 semper.
994 2056 1055 2109 ideo
1065 2072 1149 2124 quarn
1159 2058 1215 2110 cito
1223 2057 1360 2126 aperiebat
1367 2056 1448 2111 binam

255 2154 297 2206 vel
309 2154 393 2207 alium
403 2155 512 2215 librum,
523 2160 580 2208 tam
590 2156 644 2209 cito
657 2156 851 2208 infundebatur·
861 2161 935 2208 tanto
948 2155 1051 2209 lumine
1063 2156 1138 2223 quod
1148 2156 1228 2225 quasi
1238 2174 1344 2225 semper
1351 2156 1381 2209 de
1387 2156 1449 2224 prino

253 2254 337 2307 verbo
351 2255 425 2322 quod
442 2256 467 2308 ei
481 2257 642 2309 occurrebat
659 2256 786 2309 dicebat:
804 2257 870 2308 Vide
887 2258 1011 2309 mirabile
1030 2258 1145 2320 rerbnm,
1159 2260 1186 2309 et
1204 2257 1324 2310 iaciebat
1338 2257 1385 2311 sibi
1397 2258 1450 2324 apae

253 2369 303 2405 sua
315 2358 380 2406 nota
398 2353 441 2406 rel
459 2359 559 2422 pruneto
572 2357 610 2408 ita
628 2355 714 2423 spisse
727 2355 799 2423 (ruod
814 2355 869 2408 sere
881 2359 970 2407 toturn
989 2355 1140 2422 marginem
1153 2355 1166 2388 ⁸
1183 2355 1319 2424 implebat
1333 2356 1365 2409 de
1380 2354 1451 2409 utiba

254 2452 334 2507 notis,
346 2458 374 2505 et
387 2453 543 2521 frequenter
556 2454 583 2506 in
596 2454 695 2507 talibus
708 2454 775 2507 loris
792 2454 865 2522 quod
886 2453 956 2507 alius
974 2453 1059 2507 bomo
1078 2454 1162 2507 etiam
1180 2454 1301 2508 multum
1319 2452 1479 2508 illuminetur!

254 2550 322 2603 nibil
335 2551 388 2604 tale
403 2552 550 2605 rideretibi
561 2553 721 2606 notandum.

299 2647 354 2704 16.
378 2650 505 2703 Studium
518 2665 598 2701 suum
611 2649 663 2701 luit
674 2649 796 2701 maxime
809 2648 836 2700 in
848 2647 981 2716 principio
995 2646 1022 2699 in
1042 2647 1119 2700 libris
1132 2647 1271 2715 Dionysii;
1289 2654 1317 2702 et
1331 2648 1423 2702 dicebat
1433 2662 1454 2699 se

255 2748 339 2800 luisse
352 2748 429 2799 valde
443 2747 625 2799 illuminatum
642 2762 689 2813 per
702 2746 746 2798 illa
764 2745 870 2812 scripta.
882 2744 1015 2797 Studebat
1032 2745 1116 2796 etiam
1129 2744 1208 2813 quasi
1221 2746 1342 2813 quotidie
1353 2746 1378 2798 in
1387 2743 1454 2797 biblia

255 2845 374 2913 ibiquod
387 2861 495 2912 semper
507 2844 635 2896 audiebat
644 2844 790 2896 lectionem
803 2859 905 2895 mensae
917 2863 922 2895 :
932 2843 977 2894 vel
989 2848 1093 2910 postea,
1103 2842 1126 2894 si
1136 2859 1192 2896 non
1205 2844 1328 2897 audisset
1337 2844 1456 2897 inreieeto

254 2945 303 3003 rio,
316 2943 422 3011 legebat
434 2946 523 2994 toturn
537 2942 580 2993 vel
593 2941 711 2994 iniciebat
728 2941 779 2994 sibi
798 2941 869 3009 legi:
890 2945 1001 3008 propter
1022 2941 1095 3007 quod
1115 2942 1220 3008 optime
1242 2943 1345 2995 sciebat
1363 2940 1486 2995 bibliamtl

254 3042 385 3094 Sludebat
397 3041 479 3093 etiam
494 3040 713 3107 frequentissime
726 3044 752 3091 et
768 3039 975 3107 diligentissime
988 3039 1015 3091 in
1034 3039 1110 3091 libris
1128 3039 1274 3107 Augustini
1287 3047 1315 3093 et
1327 3039 1457 3094 inanimem

254 3141 330 3193 libris
342 3140 376 3192 de
388 3140 522 3192 Trinitate
541 3145 568 3191 et
581 3139 608 3191 in
626 3139 695 3191 libro
709 3138 929 3190 Confessionum.
948 3138 1005 3190 llos
1018 3138 1090 3190 enim
1105 3141 1132 3190 et
1145 3137 1231 3191 libros
1246 3138 1365 3206 Dionysii
1376 3151 1458 3204 semper

254 3240 381 3308 portabat
398 3255 491 3291 serum
510 3243 536 3290 et
555 3242 741 3290 eomirientum
756 3238 878 3304 Hugonis
891 3254 972 3305 super
985 3237 1153 3304 Dionysium.
1172 3237 1279 3290 Accidit
1292 3238 1401 3305 quadam
1416 3237 1459 3287 rire

254 3336 328 3403 quod
341 3335 423 3386 liater
434 3333 567 3400 liogeiius
578 3332 772 3399 praedicaverat
781 3333 825 3384 ilie
835 3332 971 3385 dominica
987 3331 1013 3383 in
1025 3348 1086 3383 sero
1100 3331 1127 3383 in
1140 3331 1225 3384 domo
1236 3332 1374 3389 Fratrum:
1385 3338 1407 3384 et
1415 3336 1460 3399 post

255 3449 410 3486 sermonem
421 3432 489 3483 adeo
504 3430 554 3482 l'uil
567 3430 752 3482 inflammatus
766 3430 858 3482 divino
872 3431 933 3496 igne
951 3429 1025 3496 quenl
1042 3446 1090 3496 pei·
1112 3433 1197 3481 totam
1221 3446 1328 3483 effluam
1347 3447 1396 3483 niro
1414 3428 1489 3481 recita

255 3533 306 3584 nisi
327 3532 472 3599 predicare
494 3534 521 3580 et
542 3529 616 3596 loqui
638 3529 720 3580 verba
739 3528 831 3579 divina
852 3529 880 3581 in
901 3545 1004 3580 mensa.
1026 3528 1057 3579 Et
1078 3533 1141 3595 post
1161 3545 1269 3582 cinnam
1292 3529 1406 3582 sentiens
1424 3526 1461 3578 sibi

255 3631 359 3698 arrerire
372 3630 461 3681 sinum
477 3628 575 3680 dirime
593 3626 723 3683 veritatis.
742 3627 854 3678 retentis
869 3632 974 3677 lantum
993 3643 1086 3678 secum
1106 3627 1193 3679 tribus
1206 3626 1345 3683 iratribus.
1356 3628 1463 3696 gordiano

256 3735 283 3781 et
295 3746 338 3781 nie
352 3729 508 3780 consessore
521 3732 548 3779 et
561 3725 680 3794 quodam
694 3725 756 3787 alio,
768 3742 863 3777 oiinres
876 3725 945 3776 alios
958 3725 1100 3777 mandarit
1113 3725 1250 3785 recedere,
1263 3734 1291 3779 et
1304 3727 1395 3780 clauso
1410 3726 1463 3779 ostio

256 3827 402 3894 respiciens
422 3842 529 3892 semper
543 3825 569 3876 in
587 3824 686 3876 rirlum
704 3823 792 3891 eoepil.
806 3840 837 3875 ae
858 3823 880 3875 si
900 3823 999 3890 legeret
1020 3824 1048 3875 in
1069 3823 1148 3885 libro,
1172 3825 1209 3876 ita
1232 3824 1289 3877 alta
1307 3834 1335 3877 et
1352 3822 1464 3893 profundi

256 3926 385 3993 mysteria
397 3942 413 3977 a
429 3924 520 3976 seculo
539 3923 661 3976 inaudita
679 3923 821 3984 disserere,
842 3923 986 3974 manifeste
1005 3937 1038 3973 ex
1056 3922 1150 3974 divina
1172 3922 1319 3981 inlusione.
1339 3924 1407 3993 quod
1424 3928 1494 3973 nonii

256 4025 338 4078 eredo
357 4024 429 4091 quod
444 4024 517 4075 vivat
529 4023 580 4074 sub
593 4022 661 4074 arelo
675 4021 720 4088 qui
734 4022 780 4074 illa
799 4025 890 4088 posset
902 4021 981 4087 plene
1000 4021 1116 4073 retinere
1128 4022 1172 4073 rel
1188 4023 1273 4075 etiam
1287 4024 1434 4091 intelligere
1443 4020 1466 4072 u

257 4126 309 4177 boe
322 4124 420 4176 accidit
429 4123 481 4174 sibi
494 4122 544 4184 bis,
557 4123 595 4173 ita
604 4122 677 4189 qnod
689 4120 804 4188 ipsemet
814 4125 874 4187 post
885 4120 931 4171 illa
941 4121 1025 4171 verba
1037 4124 1143 4173 tantum
1157 4122 1313 4174 mirabatur
1326 4124 1358 4176 de
1370 4118 1465 4189 eoquod

257 4224 406 4283 aceiae-an
420 4227 447 4274 et
458 4221 566 4274 dicebat
578 4220 647 4273 milii
658 4240 663 4271 ι
676 4222 747 4284 Quid
765 4223 881 4271 dicarant
900 4221 976 4271 modo
996 4222 1109 4284 srotrm,
1127 4223 1152 4272 si
1170 4224 1301 4275 erudirent
1323 4227 1374 4274 isto
1390 4222 1467 4274 rerba!

259 4323 383 4374 Dicerent
393 4321 464 4387 qnod
474 4336 586 4384 praeconi
598 4321 700 4384 loquor.
710 4317 823 4368 Materia
835 4321 927 4367 :ruteni
939 4316 1053 4368 istorum
1066 4317 1224 4373 verborum.
1238 4324 1268 4370 ut
1288 4320 1367 4372 nobis
1380 4316 1466 4370 videba-

259 4426 302 4472 tur
321 4420 368 4485 qui
389 4418 547 4470 astabimus
569 4418 674 4479 eierat
694 4416 727 4467 de
745 4414 837 4467 divina
859 4415 1032 4467 irradiatione
1050 4415 1077 4467 in
1099 4416 1238 4469 mentibus
1256 4416 1494 4486 supercoelestiunii

257 4517 401 4585 spirituum
413 4522 439 4569 et
449 4518 482 4569 de
493 4516 653 4570 invitatione
663 4531 757 4567 eorum
769 4514 802 4566 nil
816 4514 911 4568 Deum.
924 4514 958 4565 ad
971 4514 1112 4566 ardentem
1122 4532 1256 4568 amorem.
1265 4517 1385 4571 Fuerunt
1393 4522 1465 4568 auten

294 4728 301 4760 ¹
315 4731 370 4779 nod.
378 4727 531 4795 respondet.
543 4754 571 4764 -
584 4728 659 4778 ²rod.
672 4725 794 4792 diligant.
804 4756 835 4761 —
848 4726 922 4778 ³eod.
934 4728 1092 4793 merginem.
