3142 5392
160 301 242 352 ano.
261 297 433 350 causam.
453 319 499 329 —
518 299 665 351 ιιιιιιι).
685 300 731 351 an
749 300 829 352 coo.
847 288 884 353 ιιο
901 298 1025 354 tiss-u.
1080 281 1152 354 427

146 507 173 542 m
183 488 312 541 habebat
324 486 375 539 Hic
387 486 572 554 quinquennis
583 503 646 540 cum
659 487 845 543 oblationibus
855 491 1008 546 hostiarum
1020 493 1056 545 ad
1067 492 1155 562 sepul·

146 585 253 639 izabeth
262 588 422 652 apportatus
432 584 458 636 in
469 584 553 636 Coena
562 585 680 648 Domini,
692 601 755 638 cunr
767 587 845 641 tieret
855 604 947 643 sermo
959 589 988 643 in
1001 606 1108 660 eampo,
1118 591 1155 644 ad

146 689 227 738 :reatae
237 683 376 736 Elizabetlr
387 687 414 734 et
425 682 578 735 linitionem
591 683 733 737 oculorum
744 684 778 737 de
790 689 863 739 terra
873 687 990 756 sepulcri
1001 688 1069 757 ejus,
1077 689 1156 754 cutis,

146 784 261 853 gerrima
277 783 336 845 tuit,
354 786 464 850 repente
477 782 554 850 quasi
567 780 654 834 cultro
666 783 751 836 scissa
762 785 918 853 apparebat.
936 786 1111 856 Apparebant
1128 793 1156 842 et

149 884 223 936 mine
236 881 308 936 oculi
318 880 480 950 parvissimi,
490 886 517 933 et
527 879 675 934 turbulenti
687 898 719 934 ac
731 883 940 951 sanguinolenti,
949 886 1155 941 similitudinem

146 983 185 1035 nis
204 997 331 1034 ranarum
345 979 419 1048 quod
433 979 459 1031 in
472 979 608 1031 fossarum
627 978 706 1047 aquis
723 980 794 1034 solet
811 981 934 1037 inveniri.
947 984 988 1048 ιιι,
1000 989 1031 1038 ut
1041 984 1156 1040 miracu·

150 1083 285 1139 aberetur,
305 1079 439 1132 Dominus
459 1078 493 1131 ad
511 1078 593 1131 fidem
612 1078 747 1132 dictorum
769 1081 1000 1137 corroborandam
1024 1084 1156 1155 paulatim

146 1180 225 1233 rodici
240 1177 369 1246 temporis
387 1177 415 1229 in
434 1176 520 1228 oculis
538 1175 661 1229 omnium
675 1181 731 1230 tam
744 1179 950 1247 superciliorum
963 1186 1061 1236 ornatu
1072 1199 1156 1252 quam

147 1280 212 1332 itate
230 1284 258 1331 et
269 1277 420 1347 aptitudine
433 1277 560 1329 decenter
572 1277 656 1344 gratis
670 1281 697 1330 et
708 1281 847 1346 gratanter
859 1280 1003 1348 parvulum
1016 1281 1157 1349 disposuit.

146 1387 230 1432 uero
241 1373 279 1431 ln
289 1385 359 1430 uno
374 1372 473 1433 oculo
484 1370 694 1431 illuminato.
719 1377 750 1429 ln
770 1377 926 1446 supradicta
943 1379 1052 1443 diocesi,
1067 1379 1157 1448 puella
1183 1374 1236 1443 [ιιι]

147 1474 223 1528 ιιιιιίο
240 1474 382 1541 cujusdam
401 1471 578 1540 apostematis
595 1489 643 1540 per
655 1489 755 1526 novem
772 1489 860 1527 annos
880 1474 970 1528 visum
988 1475 1068 1529 unius
1085 1475 1157 1530 oculi

146 1592 172 1627 m
186 1579 264 1642 pater
275 1573 346 1625 circa
363 1572 463 1624 festum
476 1571 549 1624 beati
561 1572 694 1626 Bernaba
712 1573 828 1642 apostoli
846 1574 880 1627 ad
897 1573 1052 1644 sepulcrum
1071 1575 1158 1629 beatu

146 1688 308 1735 recussum
327 1671 425 1724 hostiis
443 1687 524 1738 super
547 1670 703 1739 sepulcrum
724 1672 852 1739 ponebat,
871 1672 910 1726 sic
930 1689 1012 1727 orons
1031 1692 1038 1727 ε
1059 1676 1159 1730 Sancta

146 1791 163 1825 a
175 1781 204 1824 ut
216 1789 295 1824 suares
306 1773 387 1838 pueri
397 1773 477 1823 istius
486 1772 600 1834 oculum,
610 1778 640 1823 ut
648 1788 753 1838 semper
761 1773 812 1824 tibi
817 1775 905 1840 possit
914 1776 1022 1827 seruire.
1032 1774 1065 1827 Et
1073 1790 1157 1843 puero

146 1867 301 1934 vepulcrum,
314 1865 384 1919 oculi
395 1864 547 1917 obductura
556 1881 604 1932 per
614 1865 736 1918 medium
746 1866 838 1930 scissa,
848 1867 930 1935 coepit
937 1867 1039 1937 pupilla
1048 1870 1159 1923 eviden-

147 1970 156 2017 t
175 1963 283 2017 macula
295 1979 395 2031 magna
406 1962 540 2015 imminui.
554 1961 620 2028 Qua
635 1964 745 2016 tandem
765 1981 814 2034 per
834 1970 897 2019 octo
915 1966 973 2019 dies
992 1967 1031 2020 sic
1051 1968 1159 2036 penitus

147 2080 156 2115 1
170 2067 330 2131 recuperato
339 2062 395 2129 jam
405 2061 524 2129 perfecte
537 2061 649 2114 videret.

147 2173 213 2218 nco
229 2158 439 2217 illuminato.
457 2159 526 2213 ltem
545 2159 573 2211 in
590 2158 686 2211 eadem
698 2158 808 2222 diocesi,
820 2160 928 2215 cuidam
941 2161 1068 2216 Heinrico
1080 2162 1092 2197 ²
1100 2163 1158 2229 jam
1184 2165 1236 2234 [rr]

148 2283 161 2316 s
179 2263 321 2316 oculorum
341 2259 579 2320 invalescentibus,
596 2256 729 2326 paulatim
747 2273 810 2311 eurn
828 2258 889 2312 visu
906 2258 1087 2327 privaverant
1099 2259 1159 2327 Qui,

149 2382 176 2416 ιιι
195 2362 302 2416 duobus
315 2359 400 2413 oculis
412 2358 497 2412 cereis
515 2357 603 2410 locum
626 2356 712 2410 sancti
724 2357 842 2425 sepulcri
854 2358 959 2412 ancillae
971 2359 1079 2424 Christi,
1091 2360 1160 2415 duce

147 2483 151 2514 ι
164 2462 257 2515 adivit.
273 2462 301 2524 Ο,
314 2459 410 2528 inquit,
422 2460 532 2511 domina
545 2464 639 2510 sancto
656 2457 804 2521 Erizabut,
815 2474 885 2510 sano
897 2460 986 2511 oculos
997 2476 1076 2526 meos,
1087 2468 1119 2526 ct,
1130 2463 1160 2513 iu

148 2569 237 2614 scotus
246 2575 416 2627 persuaseris,
428 2558 465 2609 cd
482 2573 588 2609 censura
607 2557 725 2608 duorum
745 2557 923 2609 denariorum
942 2559 1059 2622 siupulis
1079 2561 1161 2611 onnia

149 2679 180 2712 ne
198 2661 283 2725 oblipo
302 2661 329 2710 r'u
347 2658 476 2724 hospitali
488 2664 541 2709 tuo
554 2655 588 2708 Et
599 2655 693 2708 statim
705 2654 797 2708 ablato
811 2654 836 2708 ei
847 2656 1024 2710 incommodo
1038 2658 1161 2711 tenebra·

147 2761 229 2812 lcrum
248 2759 307 2826 ejus
324 2756 396 2809 clare
415 2754 503 2807 visum
525 2754 634 2822 recepit.
656 2753 708 2821 Qui
728 2754 810 2807 etiam
831 2755 935 2810 fluxum
955 2756 1093 2825 sanguinis
1112 2774 1161 2826 per

147 2858 270 2912 intinuos
280 2862 335 2909 tam
346 2855 526 2909 vehementer
535 2870 638 2921 passus,
648 2870 665 2905 a
674 2853 778 2907 tamilla
789 2870 839 2907 sua
850 2855 932 2908 morti
941 2857 1160 2925 appropinquare

147 2975 158 3009 ι
170 2973 241 3031 ecce,
251 2957 286 3008 ad
296 2959 350 3007 tres
359 2953 571 3007 sorbitiunculas
581 2953 630 3006 luti
640 2969 673 3005 ex
684 2969 756 3021 aqua
766 2957 874 3006 etterra
882 2953 999 3022 sepulcri
1009 2955 1160 3019 commixti,

147 3073 211 3109 nora
224 3055 313 3108 fluxus
326 3054 465 3121 sanguinis
478 3069 564 3121 usque
578 3053 613 3105 ad
626 3052 697 3105 hanc
710 3053 782 3105 diem
795 3053 934 3107 restrictus
947 3059 995 3107 est

168 3165 267 3211 (αωοβ,
293 3149 508 3208 illuminata.
538 3151 568 3204 ln
592 3150 689 3203 eodem
718 3150 883 3218 episcopatu,
906 3151 1032 3219 quadam
1061 3152 1159 3220 puella,
1184 3154 1225 3222 [vl

150 3272 178 3307 m
190 3253 278 3306 aetatis
289 3269 345 3305 suae
358 3267 460 3304 annum
474 3264 564 3318 agens.
573 3264 621 3316 per
630 3246 776 3299 triennium
789 3247 827 3299 sie
838 3246 928 3300 visum
941 3247 1038 3302 habuit
1046 3248 1157 3302 trebeta·

147 3357 268 3406 cemento
278 3351 349 3404 luna
361 3351 454 3403 lumen
466 3348 519 3401 diei
532 3347 639 3415 penitus
651 3361 706 3399 non
718 3345 838 3408 videret;
850 3351 878 3399 et
888 3346 914 3399 in
926 3353 1066 3400 cremento
1076 3347 1158 3417 ipsius

150 3454 244 3505 lumen
261 3468 277 3503 a
297 3449 417 3503 tenebris
434 3448 587 3500 discernere
606 3444 724 3497 valebat
746 3443 831 3497 Fama
850 3449 944 3498 autem
964 3444 1157 3500 miraculorum

149 3551 178 3602 th
199 3549 285 3617 primo
307 3548 489 3607 crebescente,
509 3543 600 3613 puella
619 3558 682 3596 cum
702 3546 850 3595 matresua
868 3558 931 3596 cum
945 3547 1010 3597 voto
1023 3543 1158 3597 tumulum

151 3648 279 3709 decrevit,
297 3647 390 3699 dicens
402 3665 408 3698 :
422 3647 539 3698 Domina
557 3650 658 3706 sancta,
675 3644 701 3695 si
717 3643 773 3694 tuis
792 3643 897 3694 meritis
913 3644 985 3695 ocull
1001 3645 1054 3694 mei
1070 3644 1159 3696 lumen

148 3765 207 3815 iper
219 3749 268 3800 tibi
279 3748 433 3813 obsequiosa
446 3761 498 3808 ero,
511 3751 534 3795 ct
546 3758 591 3808 epo
600 3759 640 3794 mc
651 3742 769 3806 siupulr‘s
780 3742 862 3793 aunis
872 3743 903 3792 ιἰι
914 3743 1103 3795 anniuersario
1114 3749 1160 3795 tuo

148 3850 224 3900 ricem
234 3849 262 3898 r'u
275 3846 377 3898 derebus
386 3845 509 3896 derrarir's
520 3841 648 3909 hospitali
659 3847 713 3904 tuo,
725 3840 762 3891 ccl
768 3856 924 3907 pauperum
935 3843 1158 3894 sustentationem.

148 3945 236 4005 inere,
248 3942 333 4010 aperti
343 3939 487 3994 suntoculi
498 3937 616 4006 virginis,
628 3941 662 4001 et,
672 3941 751 4004 rupta
763 3935 889 4004 pellicula
901 3952 962 4004 quae
974 3936 1062 3990 visum
1074 3937 1160 3991 obdu·

148 4043 199 4096 urit
208 4043 315 4103 humor,
329 4044 359 4093 ut
368 4043 455 4092 mater
465 4038 523 4104 ejus
535 4053 643 4090 muscas
653 4036 688 4088 ab
701 4036 740 4088 eis
750 4035 793 4087 vix
804 4039 896 4103 posset
904 4035 1041 4090 cohibere.
1050 4036 1116 4103 Quae
1125 4038 1160 4092 ad

148 4160 170 4203 a,
183 4142 218 4194 nb
231 4141 306 4193 omni
320 4138 495 4192 incommodo
516 4137 632 4190 liberata
652 4140 701 4188 est.
722 4135 823 4187 Sancta
843 4138 885 4188 est
904 4135 964 4188 hac
984 4135 1075 4204 puella
1091 4135 1162 4191 cirea

148 4254 231 4295 ,anno
244 4235 399 4290 Natiuitatis
412 4241 586 4287 u⁰cc⁰xxxrr⁰.
1203 4270 1205 4274 .

152 4377 159 4391 .
175 4337 228 4392 De
242 4345 353 4404 puero
368 4344 464 4390 caeco
479 4331 515 4388 et
530 4328 740 4386 illuminato.
761 4329 791 4381 ln
809 4331 964 4400 supradicta
981 4331 1091 4388 diocesi.
1103 4332 1161 4401 qui·
1186 4328 1238 4397 [ιι]

148 4451 193 4487 vrrr
206 4449 351 4496 annorum,
364 4431 476 4485 nomine
491 4430 642 4494 Heinricus,
660 4429 741 4498 coepit
757 4428 786 4482 in
804 4427 890 4482 oculis
907 4426 1047 4492 infirmari,
1066 4427 1104 4481 ita
1123 4431 1161 4493 ut,
1227 4428 1230 4433 ’

148 4588 180 4637 tis
197 4586 296 4636 litteris
314 4585 342 4635 in
361 4584 416 4634 cod.
434 4610 465 4617 —
484 4580 495 4613 ²
513 4578 631 4632 Henrico
650 4580 748 4646 ubique
768 4580 797 4630 iu
814 4578 846 4639 ις
864 4579 894 4630 ιἰι
916 4578 926 4629 l
942 4578 1045 4644 primis
1061 4578 1162 4633 vuitus

152 4665 280 4720 ilenrico.
290 4693 320 4703 -
330 4666 341 4698 ³
353 4666 416 4717 add.
426 4682 459 4716 ex
470 4666 502 4725 Q
515 4681 564 4717 om.
580 4664 600 4715 l.
613 4689 643 4699 -
655 4663 667 4695 ⁴
681 4660 812 4714 iutltem
824 4660 866 4714 de.
