3142 5392
177 279 247 355 102
508 302 634 357 circo.
661 305 764 359 copo.
790 305 1066 360 HAGIOGRAPHIC.

272 494 336 566 310
352 492 482 567 Passio
500 494 537 568 S.
554 494 767 589 Leodegarii
780 486 945 591 'episcopi
962 503 999 572 et
1013 496 1191 591 martyris
1209 498 1283 592 (foi
1296 501 1330 572 11

324 610 406 681 116ν
425 665 435 683 .

204 746 350 801 Contracta
360 611 466 801 exiiita
478 746 552 800 edita
569 746 597 800 in
610 750 668 803 Act
680 749 735 816 SS,
748 749 783 802 ad
792 749 817 803 d.
829 750 846 802 8
858 749 926 814 Oct,
937 754 1005 804 tom.
1017 752 1037 815 I,
1049 768 1075 821 p.
1084 751 1135 805 163
1143 767 1203 820 sqq.

269 863 333 935 330
350 864 402 937 De
419 865 456 939 S.
473 864 597 938 Marco
614 886 712 957 papa
728 869 765 938 et
780 864 905 957 passio
930 865 992 939 SS.
1020 866 1184 941 Marcelli
1210 872 1246 941 et
1267 867 1332 960 Api

317 978 396 1073 (fol.
414 980 524 1086 1310).

203 1114 265 1168 Vita
276 1115 302 1170 S.
313 1116 395 1170 Marci
407 1116 495 1186 qualis
512 1117 541 1170 in
557 1116 640 1170 Libro
653 1115 805 1170 Pontificali
817 1116 857 1184 (P.
867 1116 907 1182 L..
918 1121 985 1171 tom.
995 1117 1139 1184 CXXVIII,
1150 1137 1175 1189 p.
1190 1120 1223 1188 1),
1234 1119 1332 1189 quihus

169 1213 269 1268 additis
277 1219 305 1268 et
316 1214 377 1268 aliis
388 1206 504 1269 omissis.
516 1215 608 1269 Sancti
615 1231 681 1269 vero
693 1219 827 1284 martyres
835 1216 977 1271 Marcellus
986 1222 1015 1271 ct
1025 1217 1158 1288 ApuleIus
1170 1219 1295 1273 dicuntur
1309 1219 1332 1274 Iu

169 1310 295 1382 discipuli
310 1311 337 1366 S.
353 1311 427 1365 Petri
444 1311 569 1380 apostoli,
588 1312 666 1379 cujns
682 1316 711 1366 et
728 1311 897 1381 sepulturam
906 1313 1035 1380 curarint,
1049 1314 1163 1385 ejusque
1172 1316 1301 1370 mandato
1316 1333 1332 1368 r

169 1410 319 1480 evangelici
329 1410 550 1479 praedicationem
562 1410 713 1480 suscepisse
725 1415 753 1464 et
766 1410 850 1465 fuisse
862 1428 879 1465 a
889 1411 1025 1482 pervicaci
1037 1414 1159 1482 quodam
1172 1414 1332 1470 idololatras

167 1509 232 1580 tyrii
242 1509 335 1579 palma
344 1509 446 1562 donati.

268 1626 332 1698 330
348 1624 477 1698 Passio
495 1624 557 1698 SS.
572 1624 687 1718 Sergii
701 1629 738 1698 et
750 1625 886 1700 Bacchi
904 1625 982 1718 (fol.
1004 1628 1220 1724 lor-tw).

201 1761 346 1816 Contracta
357 1778 390 1815 ex
400 1778 433 1816 ea
445 1776 505 1831 quae
514 1761 587 1815 edita
597 1765 640 1815 est
648 1761 676 1815 in
688 1763 747 1815 Aa.
760 1763 815 1828 ss,
827 1763 861 1816 ao
874 1763 1001 1829 aroer,
1010 1769 1077 1820 tom.
1089 1766 1137 1831 m,
1147 1767 1296 1837 psossqq.

267 1880 330 1951 340
347 1877 432 1950 vita
448 1878 484 1951 S.
503 1877 696 1951 Gummari
713 1877 934 1952 confessoris
950 1879 1029 1973 (fol.
1047 1881 1255 1974 1271-13o).

200 2016 280 2071 Edita
290 2016 319 2070 in
328 2018 386 2070 Act.
398 2016 455 2081 SS.,
466 2015 502 2069 ad
513 2014 539 2068 d.
552 2016 581 2068 11
600 2014 667 2080 Oct..
676 2020 742 2069 tom.
760 2016 791 2080 V,
808 2033 834 2086 p.
853 2016 970 2071 682o88.
986 2047 1019 2056 -
1030 2017 1085 2072 Scd
1099 2018 1230 2089 prologus
1240 2021 1330 2081 dcem

168 2112 278 2185 iiisuper
288 2114 420 2169 lectiones
431 2113 569 2168 variantes
580 2113 609 2167 in
620 2115 680 2168 cod.
692 2113 818 2183 legimtur
830 2135 836 2169 :

231 2228 312 2284 Num.
327 2230 365 2283 l...
374 2230 502 2282 nutritus
517 2230 571 2294 Qut
580 2230 771 2284 cambutta..
781 2232 934 2298 affirmare.
941 2233 1026 2287 Lenis
1034 2241 1093 2288 crat
1102 2237 1132 2288 r'n
1139 2252 1332 2299 scmoaacoao

263 2331 295 2381 in
306 2329 372 2382 bona
383 2344 468 2396 opere,
479 2328 631 2381 humilitate
647 2329 803 2392 submissus,
808 2332 908 2396 pictate
911 2333 1056 2399 profusus,
1074 2334 1255 2400 tajejuato...
1267 2336 1332 2403 daps

264 2428 350 2481 Deum
362 2428 460 2494 quippe
471 2426 599 2491 dctipcbat
615 2433 639 2480 ct
650 2429 818 2494 proximum,
829 2429 968 2482 declinans
980 2447 1084 2497 seraper
1095 2447 1113 2484 a
1123 2434 1196 2487 mata
1207 2440 1232 2486 ct
1242 2441 1332 2487 consta

263 2528 368 2593 facim
376 2527 481 2580 bonum.

232 2631 311 2686 Num.
320 2633 362 2687 2...
370 2634 467 2685 iacula
483 2634 633 2686 canaam.
643 2632 698 2685 Pro
708 2648 786 2685 aaa...
794 2631 851 2686 Sub
862 2631 946 2686 finem
958 2651 1005 2687 rac
1012 2636 1135 2701 muttum,
1143 2639 1195 2690 otc
1208 2652 1263 2690 om.

232 2738 433 2807 Num.3pri1na
442 2738 550 2808 phrasis
567 2755 621 2793 om.
630 2758 638 2802 3
696 2741 830 2794 solventes.
842 2741 959 2794 Servitia
980 2758 1072 2795 carram
1089 2744 1263 2812 dcsptcicbat:
1273 2748 1332 2799 ricto·

265 2841 345 2907 quasi
356 2841 465 2892 tnutt'tes
473 2846 497 2891 ct
507 2840 611 2892 nullius
618 2839 705 2907 pretii
712 2840 879 2906 reprobabat.
891 2841 951 2905 Qua
962 2843 1122 2895 occasione...

232 2946 311 3001 Num.
326 2948 367 3004 1...
380 2948 474 3000 domuc
482 2963 555 3000 suas.
567 2948 625 3001 Hac
636 2949 784 3015 exemplum
792 2948 905 3014 pictatis
912 2950 1029 3014 posteris
1038 2951 1098 3002 suis
1109 2951 1230 3019 reliquit.

232 3053 311 3107 Num.
323 3055 364 3107 5...
375 3055 406 3106 in
414 3053 492 3120 Syon.
507 3054 700 3107 Commendans
711 3070 774 3121 erpo
785 3070 813 3107 sc
821 3054 902 3107 Deo...
910 3071 1054 3121 oppressus
1064 3063 1110 3109 cst.
1121 3058 1261 3112 Adverte...

231 3160 311 3214 Num.
323 3161 363 3213 6...
377 3161 496 3213 Attouda
508 3161 647 3214 Reretetar
658 3162 835 3214 haminibus...

231 3266 312 3322 Num.
320 3266 360 3320 9...
372 3268 522 3321 rutrtantr'c.
531 3268 587 3320 Itta
595 3270 682 3335 ipitur
694 3269 894 3321 ammiranda...
905 3269 936 3320 in
947 3269 1038 3322 terris
1054 3269 1211 3324 Priaticus...

231 3365 310 3420 Num.
321 3366 359 3429 10,
369 3364 489 3433 exceptis
502 3366 627 3419 Nomen...
637 3372 793 3434 sequestrat,
802 3368 893 3419 cetera
902 3381 987 3420 cmm.

232 3464 312 3519 Num.
322 3465 351 3518 11
362 3463 400 3517 sic
410 3463 506 3533 incipit
517 3482 523 3516 :
535 3465 680 3532 Postquam
688 3472 777 3518 autam
787 3471 897 3518 candus
915 3466 1083 3519 Gummarats
1094 3467 1230 3521 arbores...
1239 3470 1332 3537 estirp«

263 3565 423 3618 ecclesiam...
432 3564 596 3630 suspirabat.
605 3562 790 3616 Sanctorum...
798 3565 926 3617 insistens
937 3563 1046 3627 (ultima
1056 3563 1165 3633 phrasis
1177 3566 1252 3632 om.).

230 3660 310 3715 Num.
321 3660 352 3713 12
360 3658 458 3714 ultima
465 3658 573 3727 phrasis
585 3675 639 3712 om.

230 3759 309 3813 Num.
320 3759 376 3812 13...
386 3760 488 3812 didicit.
500 3758 552 3811 Sed
561 3760 712 3811 ardorem..

230 3857 311 3912 Num.
324 3858 355 3910 11
372 3873 427 3910 om.

230 3956 309 4011 Num.
319 3956 375 4009 15..
385 3956 538 4023 repleverat.
551 3955 735 4008 Hicomntbuo
750 3956 906 4009 antrum...
918 3956 971 4010 hcc
981 3957 1036 4010 rita
1047 3963 1071 4011 et
1083 3965 1146 4026 quat
1154 3961 1285 4014 mma&
1298 3961 1332 4028 pl

263 4056 352 4107 Multa
360 4055 467 4122 quidm
475 4055 508 4106 da
519 4054 686 4119 cvaapclir'o...

231 4152 311 4206 Num.
323 4153 354 4205 16
366 4150 463 4206 ultima
474 4150 582 4221 phrasis
591 4167 645 4205 om.

229 4251 309 4305 Num.
322 4251 353 4304 17
365 4249 462 4304 ultima
468 4249 575 4319 phrasis
587 4265 642 4304 om.

229 4349 309 4404 Num.
327 4350 382 4403 19...
389 4350 525 4418 profarre.
534 4349 589 4402 Sub
595 4350 701 4402 cilentio
719 4365 780 4415 erpa
791 4366 819 4402 se
827 4352 968 4404 conticuit.
976 4351 1099 4406 Secum
1108 4354 1275 4407 ctiarraicc...

230 4447 309 4502 Num.
320 4448 377 4501 8)...
388 4449 513 4501 navicula
521 4450 677 4516 asportavit.
691 4449 757 4500 Ecce
765 4450 895 4515 quamodo
903 4449 978 4503 Deus
993 4451 1108 4504 hamster
1119 4458 1229 4519 reputat
1244 4454 1332 4520 diynia

261 4548 370 4613 inflatos
381 4563 443 4600 cero
454 4547 591 4600 nouitate
599 4553 622 4600 ct
634 4548 728 4599 divites
734 4547 862 4614 superbos
865 4548 975 4613 judicat
987 4549 1168 4616 despectiores.
1175 4549 1331 4618 Suscipieua

229 4643 338 4699 Numm.
349 4645 380 4698 81
393 4660 456 4699 cum
468 4661 526 4715 sqq.
535 4661 619 4699 amm.
