3142 5392
175 324 267 376 BlBL.
286 322 366 374 ΗΕΘ.
386 322 558 373 DRUXBLL.
578 343 624 352 -
643 321 789 374 ΑΡΡΕΝΙ).
807 322 853 373 ΑΙ)
870 321 951 373 COD.
969 312 1008 372 N⁰
1025 320 1149 372 idib-it.
1204 298 1276 372 365

149 512 204 566 rin
222 511 363 566 maxillam
384 513 458 580 qnod
479 512 513 564 ad
530 511 612 564 aliam
633 516 736 579 partem
758 515 846 564 totum
867 510 1059 579 corpusculum
1079 526 1160 564 suum
1182 525 1277 564 versus

148 628 197 665 rex
210 612 331 681 pondere
342 610 525 681 percussionis
543 609 662 674 inclinat,
680 626 752 663 nunc
772 610 800 663 in
820 609 942 679 occipite,
962 626 1036 663 nnnc
1057 610 1127 663 inter
1144 609 1277 676 scapulas,

149 711 172 764 in
188 711 268 764 collo.
287 711 320 763 Et
337 715 402 763 tunc
420 710 447 761 in
460 709 624 763 anteriorem
638 714 743 778 partem
754 709 872 777 seipsam
885 708 1084 778 praecipitanter
1093 707 1217 776 impellit,
1233 706 1276 761 vel

147 810 212 863 iliter
228 814 342 862 curvato
360 825 473 877 corpore
491 813 573 877 caput
584 808 671 862 allidit
682 809 717 861 ad
729 812 838 862 terram.
849 807 1050 876 Nonnunquam
1064 807 1148 860 etiam
1166 804 1277 874 capillos

159 913 263 961 attonso
285 908 373 976 capite
393 907 459 960 satis
476 907 582 970 breves,
600 923 616 959 a
634 912 711 975 parte
729 907 826 962 frontis
844 905 977 960 violenter
995 905 1135 974 arripiens,
1156 904 1278 959 immotis

147 1024 169 1060 rs
186 1011 275 1060 tractu
294 1005 413 1060 mirabili
434 1005 522 1073 capite
542 1010 643 1059 terram
656 1005 726 1059 ferit.
738 1005 781 1058 Sic
799 1005 882 1058 etiam
894 1021 911 1057 a
922 1004 1025 1058 dextris
1037 1009 1065 1057 et
1082 1020 1099 1056 a
1116 1003 1231 1057 sinistris
1247 1020 1277 1057 se

146 1121 217 1172 uper
229 1104 350 1172 capillos.
359 1104 424 1157 hinc
436 1109 463 1157 et
475 1104 538 1157 hinc
551 1104 673 1158 inaudito
685 1109 713 1157 et
724 1103 905 1172 inexplicabili
920 1103 1003 1156 modo
1021 1102 1139 1171 seipsam
1156 1101 1278 1155 manuali

147 1204 271 1271 sexagitat
287 1208 315 1256 et
327 1203 446 1257 inclinat.
464 1203 554 1257 Genus
572 1203 654 1257 etiarn
672 1203 803 1272 proprias,
820 1219 889 1272 quas
906 1207 987 1255 antea
1004 1218 1076 1255 nunc
1094 1201 1185 1271 palma
1205 1217 1277 1254 nunc

147 1324 151 1353 ι
165 1304 262 1357 crebris
273 1303 495 1373 percussionibus
509 1304 693 1372 impugnabat,
711 1303 846 1357 interdum
865 1303 1012 1356 contractis
1023 1302 1114 1371 digitis
1126 1318 1158 1355 ac
1169 1302 1192 1356 si
1206 1302 1277 1370 ipsas

155 1402 275 1457 effodere.
293 1401 509 1469 comprehendit,
519 1400 586 1454 illud
597 1401 787 1469 propheticum
799 1400 876 1454 lsaiia
888 1409 935 1453 ιΙΙΙο
944 1404 1141 1468 repraesentans
1153 1419 1160 1453 ι
1175 1401 1279 1467 Corpus

147 1503 212 1552 idedi
223 1501 438 1568 percutientibus
450 1507 474 1553 et
485 1499 494 1532 ¹
510 1517 594 1566 penus
606 1517 678 1553 uaeas
689 1501 851 1564 cellentibus,
863 1504 913 1553 etc.
923 1499 1054 1567 Nuncque
1064 1498 1075 1532 ²
1087 1498 1171 1552 ctiam
1184 1515 1278 1551 versus

147 1615 157 1649 s
175 1599 294 1667 proprios
315 1599 458 1652 brachium
478 1598 560 1667 plicat
580 1603 607 1652 et
627 1600 746 1667 primum
764 1599 877 1667 digitum
897 1602 959 1667 post
975 1598 1102 1666 pollicem
1124 1602 1230 1651 rectum
1250 1602 1277 1651 et

148 1701 203 1755 tum.
220 1696 280 1749 aliis
297 1697 332 1749 ad
349 1697 479 1750 interiora
496 1696 594 1765 palmea
611 1698 764 1762 contractis,
780 1696 882 1751 crebris
894 1701 921 1750 et
933 1697 1044 1750 alternis
1058 1696 1162 1750 vicibus
1173 1696 1277 1750 eisdem

147 1811 152 1846 r
165 1796 282 1864 applicat,
294 1795 372 1864 quasi
386 1795 467 1849 vellet
481 1795 553 1864 ipsos
565 1796 685 1849 effodere
698 1796 740 1849 cel
760 1796 856 1849 forare.
869 1796 934 1849 Haec
950 1802 1041 1850 autem
1061 1795 1216 1865 supradicta
1227 1796 1278 1850 ire-

147 1906 175 1946 :er
183 1895 275 1963 repetit
287 1899 315 1948 et
326 1911 444 1948 morose.
454 1895 494 1947 Ex
503 1895 639 1963 praedictis
648 1895 729 1963 igitur
737 1900 849 1963 apparet
858 1895 931 1964 quod
940 1912 1013 1949 novo
1022 1900 1050 1949 et
1062 1895 1185 1949 inaudito
1194 1896 1278 1949 modo

147 1991 181 2044 iet
188 1993 268 2046 semel
281 1994 309 2046 in
319 2010 348 2046 se
358 2009 504 2062 personam
517 1993 629 2047 exhibet
640 1993 749 2046 Domini
761 1993 888 2062 patientis
900 1999 928 2047 et
939 1993 1120 2062 persecutoris
1131 2010 1180 2046 seu
1193 1994 1279 2047 carni·

147 2094 269 2148 sevientis:
279 2110 425 2162 personam
433 2094 552 2156 Domini,
560 2095 626 2147 dum
636 2095 748 2163 patitur;
759 2095 947 2163 persecutoris,
957 2095 1022 2147 dum
1032 2095 1129 2163 pulsat.
1135 2095 1281 2158 trahitant

147 2190 178 2243 tit
192 2199 235 2245 aut
250 2194 381 2246 minatur.
391 2195 423 2246 Et
436 2193 474 2246 sic
487 2194 514 2247 in
527 2210 644 2262 persona
655 2194 764 2247 Domini
773 2194 964 2262 propheticum
976 2193 1041 2246 illud
1054 2194 1176 2261 signatur
1188 2193 1280 2262 imple·

151 2289 249 2358 Coiiepit
259 2295 383 2358 furorem
395 2310 473 2345 scirem
486 2296 513 2344 iu
525 2311 571 2358 me,
579 2296 773 2345 etcommiuuus
782 2294 850 2345 ruiti
858 2295 1001 2353 intremuit
1009 2301 1150 2346 contrariu
1158 2294 1281 2345 dentibus

147 2386 225 2442 Hostis
235 2409 309 2443 merce
317 2393 485 2444 terribilibus
494 2394 578 2445 occulis
591 2410 630 2444 me
643 2394 758 2445 intuitus
769 2399 814 2445 est.
827 2394 1002 2459 Aperucruut
1013 2408 1096 2459 super
1107 2408 1148 2443 ure
1159 2408 1209 2444 ora
1220 2408 1281 2455 sua,

147 2484 246 2540 brunus
254 2498 448 2557 percusserunt
461 2493 601 2543 rrrnrillum
619 2508 704 2543 meum
712 2510 721 2543 :
730 2493 826 2544 satiati
835 2498 897 2544 sterit
904 2493 995 2559 prauis
1007 2493 1080 2555 tricis,
1092 2494 1142 2542 etc.
1154 2489 1204 2543 His
1216 2506 1281 2543 sero

149 2598 165 2633 s
188 2587 317 2641 similibus
334 2589 491 2658 frequenter
511 2594 539 2641 et
556 2589 774 2642 inenarrabiliter
793 2589 919 2647 actitatis.
939 2589 1017 2658 quasi
1037 2589 1174 2656 completo
1192 2589 1281 2658 primo

147 2695 202 2739 'nn
211 2687 437 2754 compositissime
446 2692 473 2739 et
485 2687 685 2740 modestissime
693 2704 722 2740 se
731 2689 857 2755 supinam
869 2687 1006 2756 provolvit
1015 2687 1049 2739 ad
1060 2692 1168 2751 terram,
1178 2686 1257 2755 quasi
1265 2704 1282 2738 a

147 2794 155 2828 ³
175 2782 391 2852 importabilitate
404 2786 540 2854 respirans
552 2790 579 2838 et
591 2786 730 2855 suspirans
742 2786 776 2839 ad
789 2803 936 2855 supernum
949 2791 977 2838 et
988 2785 1128 2854 spirituale
1141 2786 1281 2839 solatium.

162 2881 263 2936 uiribus
270 2886 379 2952 penitus
388 2885 525 2943 destituta,
535 2886 630 2953 spiritu
640 2885 726 2953 pergit
735 2886 769 2937 ad
778 2886 865 2938 Deum
875 2885 1019 2953 spirituum
1030 2885 1120 2938 omnis
1129 2886 1226 2947 carnis
1234 2886 1283 2938 ιιῑ8

147 2990 167 3028 3
181 2981 251 3035 Num.
261 2983 415 3048 (l)dicitur,
427 2988 454 3036 et
465 2982 491 3035 in
504 2983 575 3036 lsaia
584 2992 631 3037 xv⁰
645 2984 697 3050 (⁰2):
711 2985 765 3036 Dat
777 2986 849 3037 iusso
860 2987 992 3047 ¹uirtutem,
1004 2993 1027 3037 et
1038 2986 1082 3037 lais
1095 2987 1144 3052 qui
1155 3001 1206 3037 noir
1220 2993 1283 3037 suut

152 3082 242 3133 dinem
253 3084 388 3150 roburque
398 3085 564 3151 rrrultiplicut.

164 3179 225 3235 Post
236 3179 411 3236 mediobriter
423 3182 533 3235 diutinae
544 3182 642 3250 quictis
653 3186 679 3235 cl
692 3183 792 3235 extasis
804 3182 976 3235 intervallum
996 3183 1073 3236 fortis
1092 3188 1120 3236 et
1135 3183 1232 3236 alacris
1248 3184 1282 3236 ad

147 3279 250 3332 andum
269 3278 419 3331 secundum
433 3278 484 3330 sub
495 3278 634 3346 praemissa
652 3279 741 3330 torma
753 3283 918 3331 nocturnum
931 3283 1070 3346 tamquam
1085 3278 1155 3331 bene
1167 3284 1194 3331 ct
1206 3277 1285 3347 plene

147 3378 213 3429 &tnta
220 3378 365 3445 consurgit.
373 3377 446 3429 Loco
456 3376 622 3445 psalmodiae.
631 3382 660 3428 ut
668 3393 750 3444 supra
757 3376 891 3439 scribitur,
898 3393 970 3430 nova
980 3377 1166 3445 tympanistria
1175 3394 1283 3430 carnem

152 3488 225 3542 spro
242 3477 357 3537 cithara,
374 3492 457 3544 genas
469 3493 518 3545 pro
533 3481 669 3544 tympano.
680 3476 796 3543 jubilum
816 3493 864 3545 pro
877 3476 1014 3544 psalterio,
1027 3476 1132 3545 palmas
1149 3481 1176 3528 et
1188 3476 1286 3545 digitos

150 3577 228 3629 ectio.
237 3572 434 3626 modulationis
447 3573 580 3641 organicis
590 3574 771 3626 instrumento
784 3574 907 3640 ejusdem
919 3573 1031 3626 secundi
1043 3573 1168 3625 nocturni
1180 3573 1286 3642 vigilias

147 3671 272 3733 psallendi
283 3687 381 3739 genere
391 3670 551 3725 solemniter
559 3672 732 3740 prosequitur
741 3677 768 3724 et
780 3672 886 3733 devote.
899 3672 996 3725 iterato
1008 3672 1175 3740 subjungens
1187 3672 1286 3740 figuras

147 3768 1286 3837 uaetmodosincipientisDominicrepassionis⁴subtormasuperiusannotata.Qui-

147 3866 486 3933 apletis,rersusoricntcm
495 3868 570 3920 num
578 3885 719 3929 converso,
729 3872 804 3921 stans
813 3874 894 3931 recta,
904 3869 1003 3936 apertis
1013 3868 1098 3920 oculis
1108 3867 1176 3921 nihil
1184 3868 1286 3927 videns.

147 3976 206 4018 inec
217 3983 277 4019 sese
287 3966 424 4018 sentiens:
437 3965 569 4017 mirabilis
581 3970 608 4018 et
620 3966 691 4018 ultra
703 3983 784 4035 quarn
798 3967 879 4019 scribi
890 3970 938 4018 aut
954 3966 1058 4019 narrari
1076 3971 1169 4033 posset
1181 3967 1286 4019 devolsa

147 4063 201 4127 onis,
212 4064 298 4119 rultu.
311 4064 394 4131 signis
406 4069 434 4116 et
445 4068 522 4132 gestu
535 4064 656 4132 corporis
670 4064 783 4132 insignia
793 4065 803 4097 ¹⁵
815 4068 1015 4132 protestantur:
1028 4064 1113 4143 vultu,
1125 4080 1207 4133 quem
1216 4065 1288 4119 ultra

147 4159 238 4216 itatem
252 4163 366 4216 humani
381 4162 480 4230 ingenii
493 4163 622 4215 devotum
637 4162 748 4215 exhibet
760 4168 787 4216 et
798 4168 947 4223 attentum;
959 4162 1051 4230 signis,
1063 4163 1126 4230 quia
1139 4163 1226 4217 vultui
1237 4180 1288 4217 suo

147 4395 211 4457 aL,·
223 4398 251 4446 et
263 4399 314 4447 cet,
331 4394 363 4445 B.
376 4420 407 4429 -
420 4392 432 4425 ⁹
443 4391 613 4459 Quandoque
626 4393 658 4443 L.
671 4419 701 4428 -
719 4391 798 4444 8cod.
811 4390 897 4443 Unde.
915 4420 946 4426 —
962 4390 975 4423 ⁴
992 4392 1054 4443 add.
1072 4408 1105 4443 eu
1122 4392 1154 4443 L.
1172 4417 1204 4429 -
1221 4390 1233 4424 ⁶
1251 4394 1289 4444 ita

147 4493 169 4527 rr
179 4478 319 4543 leperrdum
329 4495 339 4539 ,·
350 4475 378 4527 in
389 4474 466 4542 signa
478 4475 556 4527 urrrbo
564 4476 640 4527 codd.
658 4475 703 4526 l'ei
714 4475 851 4540 leperulum
866 4476 1041 4541 protestatur.

147 4671 236 4725 Locus
247 4675 290 4723 est
302 4670 382 4723 Num.
393 4686 476 4731 xxur,
488 4671 526 4722 16.
547 4699 568 4705 --
579 4670 616 4735 (q)
627 4669 715 4722 lmuro
726 4686 766 4731 xc,
775 4670 815 4721 ut.
