<?xml version="1.0" encoding="UTF-8"?>
<!DOCTYPE html PUBLIC "-//W3C//DTD XHTML 1.0 Transitional//EN"
    "http://www.w3.org/TR/xhtml1/DTD/xhtml1-transitional.dtd">
<html xmlns="http://www.w3.org/1999/xhtml" xml:lang="en" lang="en">
 <head>
  <title>
</title>
<meta http-equiv="Content-Type" content="text/html;charset=utf-8" />
  <meta name='ocr-system' content='tesseract 3.04.00' />
  <meta name='ocr-capabilities' content='ocr_page ocr_carea ocr_par ocr_line ocrx_word'/>
</head>
<body>
  <div class='ocr_page' id='page_1' title='image "./cataloguscodicu01belggoog_0526.png"; bbox 0 0 3142 5392; ppageno 0'>
   <div class='ocr_carea' id='block_1_1' title="bbox 159 322 1266 408">
    <p class='ocr_par' dir='ltr' id='par_1_1' title="bbox 159 322 1266 408">
     <span class='ocr_line' id='line_1_1' title="bbox 159 322 1266 408; baseline -0.001 -1"><span class='ocrx_word' id='word_1_1' title='bbox 159 356 251 407; x_wconf 79' lang='lat' dir='ltr'><strong><em>nisu.</em></strong></span> <span class='ocrx_word' id='word_1_2' title='bbox 270 355 351 406; x_wconf 81' lang='lat' dir='ltr'><strong><em>nne.</em></strong></span> <span class='ocrx_word' id='word_1_3' title='bbox 371 356 544 407; x_wconf 76' lang='lat' dir='ltr'><strong><em>aunuum.</em></strong></span> <span class='ocrx_word' id='word_1_4' title='bbox 564 377 610 386; x_wconf 94' lang='lat'>-</span> <span class='ocrx_word' id='word_1_5' title='bbox 629 338 776 407; x_wconf 75' lang='lat' dir='ltr'><strong><em>annuam.</em></strong></span> <span class='ocrx_word' id='word_1_6' title='bbox 796 357 842 407; x_wconf 79' lang='lat' dir='ltr'><strong><em>un</em></strong></span> <span class='ocrx_word' id='word_1_7' title='bbox 860 335 939 407; x_wconf 85' lang='lat' dir='ltr'><strong><em>con.</em></strong></span> <span class='ocrx_word' id='word_1_8' title='bbox 958 345 994 406; x_wconf 86' lang='lat' dir='ltr'><strong><em>n⁰</em></strong></span> <span class='ocrx_word' id='word_1_9' title='bbox 1012 355 1137 408; x_wconf 71' lang='lat' dir='ltr'><strong><em>usur-ac.</em></strong></span> <span class='ocrx_word' id='word_1_10' title='bbox 1193 322 1266 408; x_wconf 81' lang='lat'><strong><em>503</em></strong></span> 
     </span>
    </p>
   </div>
   <div class='ocr_carea' id='block_1_2' title="bbox 10 541 1294 3858">
    <p class='ocr_par' dir='ltr' id='par_1_2' title="bbox 10 541 1294 2095">
     <span class='ocr_line' id='line_1_2' title="bbox 32 541 1266 614; baseline 0.002 -19"><span class='ocrx_word' id='word_1_11' title='bbox 32 543 148 596; x_wconf 85' lang='lat' dir='ltr'><strong><em>adactus</em></strong></span> <span class='ocrx_word' id='word_1_12' title='bbox 156 543 283 609; x_wconf 86' lang='lat' dir='ltr'><strong><em>stimulis,</em></strong></span> <span class='ocrx_word' id='word_1_13' title='bbox 293 541 320 596; x_wconf 91' lang='lat' dir='ltr'><strong><em>iu</em></strong></span> <span class='ocrx_word' id='word_1_14' title='bbox 329 544 462 611; x_wconf 89' lang='lat' dir='ltr'><strong><em>penetrali</em></strong></span> <span class='ocrx_word' id='word_1_15' title='bbox 473 546 593 614; x_wconf 82' lang='lat' dir='ltr'><strong>pectoris</strong></span> <span class='ocrx_word' id='word_1_16' title='bbox 604 546 655 609; x_wconf 85' lang='lat' dir='ltr'><strong><em>sui,</em></strong></span> <span class='ocrx_word' id='word_1_17' title='bbox 666 546 773 598; x_wconf 89' lang='lat' dir='ltr'><strong><em>dicendi</em></strong></span> <span class='ocrx_word' id='word_1_18' title='bbox 786 551 848 613; x_wconf 89' lang='lat' dir='ltr'><strong><em>post</em></strong></span> <span class='ocrx_word' id='word_1_19' title='bbox 860 545 988 614; x_wconf 77' lang='lat' dir='ltr'><strong><em>exiguum</em></strong></span> <span class='ocrx_word' id='word_1_20' title='bbox 1009 547 1063 598; x_wconf 86' lang='lat' dir='ltr'><strong><em>troc</em></strong></span> <span class='ocrx_word' id='word_1_21' title='bbox 1081 545 1188 598; x_wconf 87' lang='lat' dir='ltr'><strong><em>initium</em></strong></span> <span class='ocrx_word' id='word_1_22' title='bbox 1201 544 1266 599; x_wconf 87' lang='lat' dir='ltr'><strong><em>arri·</em></strong></span> 
     </span>
     <span class='ocr_line' id='line_1_3' title="bbox 33 642 1267 712; baseline 0.001 -18"><span class='ocrx_word' id='word_1_23' title='bbox 33 642 108 709; x_wconf 87' lang='lat' dir='ltr'><strong><em>puit:</em></strong></span> <span class='ocrx_word' id='word_1_24' title='bbox 121 642 279 701; x_wconf 77' lang='lat' dir='ltr'><strong><em>Ollortiue.</em></strong></span> <span class='ocrx_word' id='word_1_25' title='bbox 291 644 427 711; x_wconf 73' lang='lat' dir='ltr'><strong><em>quotidem</em></strong></span> <span class='ocrx_word' id='word_1_26' title='bbox 439 651 513 696; x_wconf 90' lang='lat' dir='ltr'><strong><em>tutor</em></strong></span> <span class='ocrx_word' id='word_1_27' title='bbox 521 652 572 696; x_wconf 77' lang='lat' dir='ltr'><strong><em>tua</em></strong></span> <span class='ocrx_word' id='word_1_28' title='bbox 578 646 667 712; x_wconf 82' lang='lat' dir='ltr'><strong><em>plebis</em></strong></span> <span class='ocrx_word' id='word_1_29' title='bbox 677 653 700 697; x_wconf 82' lang='lat' dir='ltr'><strong><em>et</em></strong></span> <span class='ocrx_word' id='word_1_30' title='bbox 709 646 835 709; x_wconf 80' lang='lat' dir='ltr'><strong><em>deferreor</em></strong></span> <span class='ocrx_word' id='word_1_31' title='bbox 842 662 875 708; x_wconf 90' lang='lat'><strong><em>,·0</em></strong></span> <span class='ocrx_word' id='word_1_32' title='bbox 885 646 1015 708; x_wconf 84' lang='lat' dir='ltr'><strong><em>Murtine,</em></strong></span> <span class='ocrx_word' id='word_1_33' title='bbox 1024 646 1160 712; x_wconf 81' lang='lat' dir='ltr'><strong><em>quondam</em></strong></span> <span class='ocrx_word' id='word_1_34' title='bbox 1168 651 1267 710; x_wconf 82' lang='lat' dir='ltr'><strong><em>pastor</em></strong></span> 
     </span>
     <span class='ocr_line' id='line_1_4' title="bbox 32 744 1266 810; baseline 0.001 -16"><span class='ocrx_word' id='word_1_35' title='bbox 32 750 57 793; x_wconf 84' lang='lat' dir='ltr'><strong><em>et</em></strong></span> <span class='ocrx_word' id='word_1_36' title='bbox 68 745 191 794; x_wconf 82' lang='lat' dir='ltr'><strong><em>nutritor</em></strong></span> <span class='ocrx_word' id='word_1_37' title='bbox 201 744 244 794; x_wconf 87' lang='lat' dir='ltr'><strong><em>tui</em></strong></span> <span class='ocrx_word' id='word_1_38' title='bbox 253 745 363 809; x_wconf 76' lang='lat' dir='ltr'><strong><em>prepie;</em></strong></span> <span class='ocrx_word' id='word_1_39' title='bbox 379 759 394 795; x_wconf 90' lang='lat' dir='ltr'><strong><em>o</em></strong></span> <span class='ocrx_word' id='word_1_40' title='bbox 408 744 534 807; x_wconf 58' lang='lat' dir='ltr'><strong><em>,llartiuu</em></strong></span> <span class='ocrx_word' id='word_1_41' title='bbox 546 744 642 805; x_wconf 79' lang='lat' dir='ltr'><strong><em>clreicis,</em></strong></span> <span class='ocrx_word' id='word_1_42' title='bbox 655 745 727 810; x_wconf 77' lang='lat' dir='ltr'><strong><em>cipit,</em></strong></span> <span class='ocrx_word' id='word_1_43' title='bbox 740 744 879 810; x_wconf 73' lang='lat' dir='ltr'><strong><em>benipuue,</em></strong></span> <span class='ocrx_word' id='word_1_44' title='bbox 890 745 992 808; x_wconf 81' lang='lat' dir='ltr'><strong><em>sociiis,</em></strong></span> <span class='ocrx_word' id='word_1_45' title='bbox 1004 746 1165 796; x_wconf 80' lang='lat' dir='ltr'><strong><em>nriserorum</em></strong></span> <span class='ocrx_word' id='word_1_46' title='bbox 1177 758 1266 795; x_wconf 81' lang='lat' dir='ltr'><strong><em>conso·</em></strong></span> 
     </span>
     <span class='ocr_line' id='line_1_5' title="bbox 32 841 1267 908; baseline 0.002 -17"><span class='ocrx_word' id='word_1_47' title='bbox 32 841 106 894; x_wconf 73' lang='lat' dir='ltr'><strong><em>letor</em></strong></span> <span class='ocrx_word' id='word_1_48' title='bbox 122 858 149 894; x_wconf 87' lang='lat' dir='ltr'><strong><em>ee</em></strong></span> <span class='ocrx_word' id='word_1_49' title='bbox 161 842 211 893; x_wconf 86' lang='lat' dir='ltr'><strong><em>tibi</em></strong></span> <span class='ocrx_word' id='word_1_50' title='bbox 227 843 454 901; x_wconf 82' lang='lat' dir='ltr'><strong><em>committentium,</em></strong></span> <span class='ocrx_word' id='word_1_51' title='bbox 466 843 513 893; x_wconf 82' lang='lat' dir='ltr'><strong><em>scd</em></strong></span> <span class='ocrx_word' id='word_1_52' title='bbox 525 860 597 894; x_wconf 81' lang='lat' dir='ltr'><strong><em>nrrrrc</em></strong></span> <span class='ocrx_word' id='word_1_53' title='bbox 614 844 703 894; x_wconf 87' lang='lat' dir='ltr'><strong><em>durus</em></strong></span> <span class='ocrx_word' id='word_1_54' title='bbox 720 849 742 893; x_wconf 84' lang='lat' dir='ltr'><strong><em>ct</em></strong></span> <span class='ocrx_word' id='word_1_55' title='bbox 759 844 905 908; x_wconf 77' lang='lat' dir='ltr'><strong><em>piprituns,</em></strong></span> <span class='ocrx_word' id='word_1_56' title='bbox 922 844 969 894; x_wconf 82' lang='lat' dir='ltr'><strong><em>ced</em></strong></span> <span class='ocrx_word' id='word_1_57' title='bbox 986 859 1058 894; x_wconf 88' lang='lat' dir='ltr'><strong><em>nunc</em></strong></span> <span class='ocrx_word' id='word_1_58' title='bbox 1075 843 1267 895; x_wconf 72' lang='lat' dir='ltr'><strong><em>dormitarent</em></strong></span> 
     </span>
     <span class='ocr_line' id='line_1_6' title="bbox 10 941 1294 1018; baseline -0.002 -24"><span class='ocrx_word' id='word_1_59' title='bbox 10 943 144 1001; x_wconf 73' lang='lat' dir='ltr'><strong><em>laundun,</em></strong></span> <span class='ocrx_word' id='word_1_60' title='bbox 152 948 289 1006; x_wconf 80' lang='lat' dir='ltr'><strong><em>petronus</em></strong></span> <span class='ocrx_word' id='word_1_61' title='bbox 306 949 366 993; x_wconf 83' lang='lat' dir='ltr'><strong><em>tuos</em></strong></span> <span class='ocrx_word' id='word_1_62' title='bbox 385 942 519 1007; x_wconf 74' lang='lat' dir='ltr'><strong><em>neptipens</em></strong></span> <span class='ocrx_word' id='word_1_63' title='bbox 535 949 558 992; x_wconf 84' lang='lat' dir='ltr'><strong><em>et</em></strong></span> <span class='ocrx_word' id='word_1_64' title='bbox 575 942 675 1006; x_wconf 75' lang='lat' dir='ltr'><strong><em>fallens</em></strong></span> <span class='ocrx_word' id='word_1_65' title='bbox 693 944 720 992; x_wconf 89' lang='lat' dir='ltr'><strong><em>in</em></strong></span> <span class='ocrx_word' id='word_1_66' title='bbox 739 948 763 992; x_wconf 83' lang='lat' dir='ltr'><strong><em>te.</em></strong></span> <span class='ocrx_word' id='word_1_67' title='bbox 778 941 896 1005; x_wconf 79' lang='lat' dir='ltr'><strong><em>fidentes,</em></strong></span> <span class='ocrx_word' id='word_1_68' title='bbox 908 957 958 993; x_wconf 87' lang='lat' dir='ltr'><strong><em>cur</em></strong></span> <span class='ocrx_word' id='word_1_69' title='bbox 976 957 1030 992; x_wconf 79' lang='lat' dir='ltr'><strong><em>iren</em></strong></span> <span class='ocrx_word' id='word_1_70' title='bbox 1047 942 1079 993; x_wconf 84' lang='lat' dir='ltr'><strong><em>de</em></strong></span> <span class='ocrx_word' id='word_1_71' title='bbox 1096 942 1268 993; x_wconf 79' lang='lat' dir='ltr'><strong><em>tirucredr’tie</em></strong></span> <span class='ocrx_word' id='word_1_72' title='bbox 1289 1005 1294 1018; x_wconf 92' lang='lat'><strong><em>.</em></strong></span> 
     </span>
     <span class='ocr_line' id='line_1_7' title="bbox 33 1040 1267 1107; baseline 0.002 -18"><span class='ocrx_word' id='word_1_73' title='bbox 33 1055 105 1092; x_wconf 78' lang='lat' dir='ltr'><strong><em>curer</em></strong></span> <span class='ocrx_word' id='word_1_74' title='bbox 116 1056 200 1091; x_wconf 81' lang='lat' dir='ltr'><strong><em>curus</em></strong></span> <span class='ocrx_word' id='word_1_75' title='bbox 211 1041 346 1091; x_wconf 73' lang='lat' dir='ltr'><strong><em>oviculis?</em></strong></span> <span class='ocrx_word' id='word_1_76' title='bbox 358 1040 471 1105; x_wconf 83' lang='lat' dir='ltr'><strong><em>Impune</em></strong></span> <span class='ocrx_word' id='word_1_77' title='bbox 488 1042 601 1106; x_wconf 80' lang='lat' dir='ltr'><strong><em>quisque</em></strong></span> <span class='ocrx_word' id='word_1_78' title='bbox 613 1041 727 1103; x_wconf 77' lang='lat' dir='ltr'><strong><em>luditur,</em></strong></span> <span class='ocrx_word' id='word_1_79' title='bbox 740 1048 763 1092; x_wconf 86' lang='lat' dir='ltr'><strong><em>et</em></strong></span> <span class='ocrx_word' id='word_1_80' title='bbox 776 1057 792 1091; x_wconf 88' lang='lat' dir='ltr'><strong><em>o</em></strong></span> <span class='ocrx_word' id='word_1_81' title='bbox 805 1042 864 1092; x_wconf 82' lang='lat' dir='ltr'><strong><em>suis</em></strong></span> <span class='ocrx_word' id='word_1_82' title='bbox 876 1040 954 1091; x_wconf 84' lang='lat' dir='ltr'><strong><em>rebus</em></strong></span> <span class='ocrx_word' id='word_1_83' title='bbox 974 1041 1136 1091; x_wconf 77' lang='lat' dir='ltr'><strong><em>excluditur.</em></strong></span> <span class='ocrx_word' id='word_1_84' title='bbox 1150 1040 1190 1091; x_wconf 88' lang='lat' dir='ltr'><strong><em>Dc</em></strong></span> <span class='ocrx_word' id='word_1_85' title='bbox 1205 1055 1267 1107; x_wconf 81' lang='lat' dir='ltr'><strong><em>quo·</em></strong></span> 
     </span>
     <span class='ocr_line' id='line_1_8' title="bbox 34 1139 1269 1207; baseline 0.003 -19"><span class='ocrx_word' id='word_1_86' title='bbox 34 1154 95 1189; x_wconf 88' lang='lat' dir='ltr'><strong><em>rum</em></strong></span> <span class='ocrx_word' id='word_1_87' title='bbox 114 1153 228 1190; x_wconf 83' lang='lat' dir='ltr'><strong><em>rrurnero</em></strong></span> <span class='ocrx_word' id='word_1_88' title='bbox 246 1155 317 1190; x_wconf 78' lang='lat' dir='ltr'><strong><em>urtice</em></strong></span> <span class='ocrx_word' id='word_1_89' title='bbox 335 1155 388 1203; x_wconf 81' lang='lat' dir='ltr'><strong><em>epo,</em></strong></span> <span class='ocrx_word' id='word_1_90' title='bbox 400 1155 433 1190; x_wconf 80' lang='lat' dir='ltr'><strong><em>ec</em></strong></span> <span class='ocrx_word' id='word_1_91' title='bbox 453 1139 535 1190; x_wconf 85' lang='lat' dir='ltr'><strong><em>diuite</em></strong></span> <span class='ocrx_word' id='word_1_92' title='bbox 552 1141 629 1192; x_wconf 77' lang='lat' dir='ltr'><strong><em>enode</em></strong></span> <span class='ocrx_word' id='word_1_93' title='bbox 647 1157 760 1207; x_wconf 84' lang='lat' dir='ltr'><strong><em>pauper,</em></strong></span> <span class='ocrx_word' id='word_1_94' title='bbox 773 1157 806 1191; x_wconf 79' lang='lat' dir='ltr'><strong><em>ec</em></strong></span> <span class='ocrx_word' id='word_1_95' title='bbox 823 1140 932 1192; x_wconf 82' lang='lat' dir='ltr'><strong><em>teredio</em></strong></span> <span class='ocrx_word' id='word_1_96' title='bbox 951 1141 1019 1190; x_wconf 84' lang='lat' dir='ltr'><strong><em>milri</em></strong></span> <span class='ocrx_word' id='word_1_97' title='bbox 1029 1142 1097 1205; x_wconf 80' lang='lat' dir='ltr'><strong><em>jure</em></strong></span> <span class='ocrx_word' id='word_1_98' title='bbox 1113 1141 1269 1206; x_wconf 75' lang='lat' dir='ltr'><strong><em>competenti</em></strong></span> 
     </span>
     <span class='ocr_line' id='line_1_9' title="bbox 35 1238 1268 1305; baseline 0.002 -15"><span class='ocrx_word' id='word_1_99' title='bbox 35 1238 170 1301; x_wconf 73' lang='lat' dir='ltr'><strong><em>exturbor,</em></strong></span> <span class='ocrx_word' id='word_1_100' title='bbox 183 1238 255 1303; x_wconf 76' lang='lat' dir='ltr'><strong><em>quat</em></strong></span> <span class='ocrx_word' id='word_1_101' title='bbox 266 1245 288 1288; x_wconf 83' lang='lat' dir='ltr'><strong><em>ct</em></strong></span> <span class='ocrx_word' id='word_1_102' title='bbox 299 1239 448 1302; x_wconf 77' lang='lat' dir='ltr'><strong><em>precedebam</em></strong></span> <span class='ocrx_word' id='word_1_103' title='bbox 466 1240 498 1289; x_wconf 81' lang='lat' dir='ltr'><strong><em>de</em></strong></span> <span class='ocrx_word' id='word_1_104' title='bbox 516 1245 561 1289; x_wconf 91' lang='lat' dir='ltr'><strong><em>tuo</em></strong></span> <span class='ocrx_word' id='word_1_105' title='bbox 579 1240 698 1289; x_wconf 83' lang='lat' dir='ltr'><strong><em>dorrrinio</em></strong></span> <span class='ocrx_word' id='word_1_106' title='bbox 712 1241 859 1305; x_wconf 81' lang='lat' dir='ltr'><strong><em>possidere.</em></strong></span> <span class='ocrx_word' id='word_1_107' title='bbox 878 1240 979 1291; x_wconf 77' lang='lat' dir='ltr'><strong><em>Itinere</em></strong></span> <span class='ocrx_word' id='word_1_108' title='bbox 994 1241 1084 1304; x_wconf 76' lang='lat' dir='ltr'><strong><em>fessus</em></strong></span> <span class='ocrx_word' id='word_1_109' title='bbox 1102 1241 1179 1304; x_wconf 77' lang='lat' dir='ltr'><strong><em>leupo</em></strong></span> <span class='ocrx_word' id='word_1_110' title='bbox 1197 1257 1268 1292; x_wconf 84' lang='lat' dir='ltr'><strong><em>nunc</em></strong></span> 
     </span>
     <span class='ocr_line' id='line_1_10' title="bbox 35 1335 1268 1403; baseline 0.003 -18"><span class='ocrx_word' id='word_1_111' title='bbox 35 1337 109 1386; x_wconf 81' lang='lat' dir='ltr'><strong><em>renio</em></strong></span> <span class='ocrx_word' id='word_1_112' title='bbox 120 1335 159 1386; x_wconf 83' lang='lat' dir='ltr'><strong><em>od</em></strong></span> <span class='ocrx_word' id='word_1_113' title='bbox 175 1342 199 1385; x_wconf 85' lang='lat' dir='ltr'><strong><em>te</em></strong></span> <span class='ocrx_word' id='word_1_114' title='bbox 217 1342 370 1400; x_wconf 73' lang='lat' dir='ltr'><strong><em>questurus,</em></strong></span> <span class='ocrx_word' id='word_1_115' title='bbox 380 1344 459 1400; x_wconf 86' lang='lat' dir='ltr'><strong><em>poter</em></strong></span> <span class='ocrx_word' id='word_1_116' title='bbox 471 1342 561 1386; x_wconf 79' lang='lat' dir='ltr'><strong><em>scitote</em></strong></span> <span class='ocrx_word' id='word_1_117' title='bbox 568 1353 578 1395; x_wconf 90' lang='lat'><em>;</em></span> <span class='ocrx_word' id='word_1_118' title='bbox 595 1351 709 1401; x_wconf 73' lang='lat' dir='ltr'><strong><em>exstirpe</em></strong></span> <span class='ocrx_word' id='word_1_119' title='bbox 719 1352 790 1401; x_wconf 80' lang='lat' dir='ltr'><strong><em>erpo,</em></strong></span> <span class='ocrx_word' id='word_1_120' title='bbox 806 1337 851 1400; x_wconf 71' lang='lat' dir='ltr'><strong><em>fer</em></strong></span> <span class='ocrx_word' id='word_1_121' title='bbox 868 1352 949 1401; x_wconf 81' lang='lat' dir='ltr'><strong><em>opem,</em></strong></span> <span class='ocrx_word' id='word_1_122' title='bbox 963 1353 1009 1387; x_wconf 86' lang='lat' dir='ltr'><strong><em>uec</em></strong></span> <span class='ocrx_word' id='word_1_123' title='bbox 1019 1353 1058 1387; x_wconf 88' lang='lat' dir='ltr'><strong><em>me</em></strong></span> <span class='ocrx_word' id='word_1_124' title='bbox 1069 1338 1173 1403; x_wconf 81' lang='lat' dir='ltr'><strong><em>inopem</em></strong></span> <span class='ocrx_word' id='word_1_125' title='bbox 1185 1343 1268 1389; x_wconf 75' lang='lat' dir='ltr'><strong><em>conite-</em></strong></span> 
     </span>
     <span class='ocr_line' id='line_1_11' title="bbox 10 1433 1268 1499; baseline 0.001 -13"><span class='ocrx_word' id='word_1_126' title='bbox 10 1439 23 1487; x_wconf 85' lang='lat' dir='ltr'><strong><em>t</em></strong></span> <span class='ocrx_word' id='word_1_127' title='bbox 38 1450 121 1485; x_wconf 84' lang='lat' dir='ltr'><strong><em>mnus.</em></strong></span> <span class='ocrx_word' id='word_1_128' title='bbox 132 1433 193 1497; x_wconf 85' lang='lat' dir='ltr'><strong><em>Sed,</em></strong></span> <span class='ocrx_word' id='word_1_129' title='bbox 202 1450 234 1484; x_wconf 89' lang='lat' dir='ltr'><strong><em>ne</em></strong></span> <span class='ocrx_word' id='word_1_130' title='bbox 246 1435 351 1485; x_wconf 85' lang='lat' dir='ltr'><strong><em>diutius</em></strong></span> <span class='ocrx_word' id='word_1_131' title='bbox 359 1442 411 1485; x_wconf 82' lang='lat' dir='ltr'><strong><em>ture</em></strong></span> <span class='ocrx_word' id='word_1_132' title='bbox 419 1434 536 1485; x_wconf 77' lang='lat' dir='ltr'><strong><em>delicate</em></strong></span> <span class='ocrx_word' id='word_1_133' title='bbox 545 1434 857 1499; x_wconf 74' lang='lat' dir='ltr'><strong><em>piontetrausfipeutur,</em></strong></span> <span class='ocrx_word' id='word_1_134' title='bbox 865 1441 892 1485; x_wconf 90' lang='lat' dir='ltr'><strong><em>nt</em></strong></span> <span class='ocrx_word' id='word_1_135' title='bbox 900 1437 987 1486; x_wconf 85' lang='lat' dir='ltr'><strong><em>onmis</em></strong></span> <span class='ocrx_word' id='word_1_136' title='bbox 997 1437 1133 1486; x_wconf 75' lang='lat' dir='ltr'><strong><em>excusatio</em></strong></span> <span class='ocrx_word' id='word_1_137' title='bbox 1141 1437 1173 1487; x_wconf 85' lang='lat' dir='ltr'><strong><em>de</em></strong></span> <span class='ocrx_word' id='word_1_138' title='bbox 1182 1436 1268 1487; x_wconf 87' lang='lat' dir='ltr'><strong><em>medio</em></strong></span> 
     </span>
     <span class='ocr_line' id='line_1_12' title="bbox 37 1533 1268 1600; baseline 0.003 -19"><span class='ocrx_word' id='word_1_139' title='bbox 37 1534 90 1595; x_wconf 71' lang='lat' dir='ltr'><strong><em>pot,</em></strong></span> <span class='ocrx_word' id='word_1_140' title='bbox 98 1548 167 1599; x_wconf 73' lang='lat' dir='ltr'><strong><em>piros</em></strong></span> <span class='ocrx_word' id='word_1_141' title='bbox 178 1534 260 1583; x_wconf 82' lang='lat' dir='ltr'><strong><em>attuli</em></strong></span> <span class='ocrx_word' id='word_1_142' title='bbox 271 1534 321 1584; x_wconf 90' lang='lat' dir='ltr'><strong><em>tibi</em></strong></span> <span class='ocrx_word' id='word_1_143' title='bbox 331 1533 417 1584; x_wconf 85' lang='lat' dir='ltr'><strong><em>culcio</em></strong></span> <span class='ocrx_word' id='word_1_144' title='bbox 435 1541 458 1584; x_wconf 88' lang='lat' dir='ltr'><strong><em>te</em></strong></span> <span class='ocrx_word' id='word_1_145' title='bbox 473 1533 575 1585; x_wconf 78' lang='lat' dir='ltr'><strong><em>colceia.</em></strong></span> <span class='ocrx_word' id='word_1_146' title='bbox 588 1533 624 1584; x_wconf 79' lang='lat' dir='ltr'><strong><em>nt</em></strong></span> <span class='ocrx_word' id='word_1_147' title='bbox 634 1534 761 1597; x_wconf 76' lang='lat' dir='ltr'><strong><em>fecturus</em></strong></span> <span class='ocrx_word' id='word_1_148' title='bbox 768 1550 864 1599; x_wconf 83' lang='lat' dir='ltr'><strong><em>pacem</em></strong></span> <span class='ocrx_word' id='word_1_149' title='bbox 876 1534 951 1598; x_wconf 81' lang='lat' dir='ltr'><strong><em>milri,</em></strong></span> <span class='ocrx_word' id='word_1_150' title='bbox 957 1535 1076 1600; x_wconf 71' lang='lat' dir='ltr'><strong><em>pruteni</em></strong></span> <span class='ocrx_word' id='word_1_151' title='bbox 1088 1549 1128 1585; x_wconf 86' lang='lat' dir='ltr'><strong><em>me</em></strong></span> <span class='ocrx_word' id='word_1_152' title='bbox 1140 1540 1268 1586; x_wconf 82' lang='lat' dir='ltr'><strong><em>reuerten-</em></strong></span> 
     </span>
     <span class='ocr_line' id='line_1_13' title="bbox 38 1630 1269 1698; baseline 0.003 -18"><span class='ocrx_word' id='word_1_153' title='bbox 38 1637 93 1682; x_wconf 82' lang='lat' dir='ltr'><strong><em>tem.</em></strong></span> <span class='ocrx_word' id='word_1_154' title='bbox 105 1630 138 1681; x_wconf 85' lang='lat' dir='ltr'><strong><em>Si</em></strong></span> <span class='ocrx_word' id='word_1_155' title='bbox 148 1631 255 1695; x_wconf 72' lang='lat' dir='ltr'><strong><em>feceris,</em></strong></span> <span class='ocrx_word' id='word_1_156' title='bbox 263 1633 460 1698; x_wconf 77' lang='lat' dir='ltr'><strong><em>promptiorem</em></strong></span> <span class='ocrx_word' id='word_1_157' title='bbox 477 1648 557 1698; x_wconf 73' lang='lat' dir='ltr'><strong><em>quirem</em></strong></span> <span class='ocrx_word' id='word_1_158' title='bbox 569 1632 698 1683; x_wconf 81' lang='lat' dir='ltr'><strong><em>liuctenus</em></strong></span> <span class='ocrx_word' id='word_1_159' title='bbox 708 1633 827 1697; x_wconf 79' lang='lat' dir='ltr'><strong><em>fecerim,</em></strong></span> <span class='ocrx_word' id='word_1_160' title='bbox 840 1635 992 1684; x_wconf 82' lang='lat' dir='ltr'><strong><em>seruitutem</em></strong></span> <span class='ocrx_word' id='word_1_161' title='bbox 1007 1632 1057 1684; x_wconf 89' lang='lat' dir='ltr'><strong><em>tibi</em></strong></span> <span class='ocrx_word' id='word_1_162' title='bbox 1068 1633 1228 1698; x_wconf 83' lang='lat' dir='ltr'><strong><em>impendum,</em></strong></span> <span class='ocrx_word' id='word_1_163' title='bbox 1245 1639 1269 1684; x_wconf 84' lang='lat' dir='ltr'><strong><em>et</em></strong></span> 
     </span>
     <span class='ocr_line' id='line_1_14' title="bbox 38 1731 1270 1798; baseline 0.003 -19"><span class='ocrx_word' id='word_1_164' title='bbox 38 1736 59 1781; x_wconf 83' lang='lat' dir='ltr'><strong><em>te</em></strong></span> <span class='ocrx_word' id='word_1_165' title='bbox 69 1746 157 1780; x_wconf 79' lang='lat' dir='ltr'><strong><em>uicum</em></strong></span> <span class='ocrx_word' id='word_1_166' title='bbox 168 1731 307 1781; x_wconf 86' lang='lat' dir='ltr'><strong><em>domiuum</em></strong></span> <span class='ocrx_word' id='word_1_167' title='bbox 318 1747 370 1782; x_wconf 89' lang='lat' dir='ltr'><strong><em>uon</em></strong></span> <span class='ocrx_word' id='word_1_168' title='bbox 383 1731 522 1795; x_wconf 80' lang='lat' dir='ltr'><strong><em>abjurabo.</em></strong></span> <span class='ocrx_word' id='word_1_169' title='bbox 534 1731 565 1781; x_wconf 87' lang='lat' dir='ltr'><strong><em>Si</em></strong></span> <span class='ocrx_word' id='word_1_170' title='bbox 577 1748 637 1792; x_wconf 85' lang='lat' dir='ltr'><strong><em>reon,</em></strong></span> <span class='ocrx_word' id='word_1_171' title='bbox 651 1732 765 1782; x_wconf 80' lang='lat' dir='ltr'><strong><em>ulterius</em></strong></span> <span class='ocrx_word' id='word_1_172' title='bbox 777 1734 864 1782; x_wconf 75' lang='lat' dir='ltr'><strong><em>seneroti</em></strong></span> <span class='ocrx_word' id='word_1_173' title='bbox 876 1733 1029 1783; x_wconf 80' lang='lat' dir='ltr'><strong><em>dontiuntur‘</em></strong></span> <span class='ocrx_word' id='word_1_174' title='bbox 1039 1748 1079 1783; x_wconf 79' lang='lat' dir='ltr'><strong><em>nte</em></strong></span> <span class='ocrx_word' id='word_1_175' title='bbox 1090 1732 1211 1793; x_wconf 75' lang='lat' dir='ltr'><strong><em>nubtam,</em></strong></span> <span class='ocrx_word' id='word_1_176' title='bbox 1221 1734 1270 1798; x_wconf 83' lang='lat' dir='ltr'><strong><em>qui</em></strong></span> 
     </span>
     <span class='ocr_line' id='line_1_15' title="bbox 38 1828 1270 1898; baseline 0.002 -19"><span class='ocrx_word' id='word_1_177' title='bbox 38 1829 74 1879; x_wconf 84' lang='lat' dir='ltr'><strong><em>cel</em></strong></span> <span class='ocrx_word' id='word_1_178' title='bbox 85 1829 179 1879; x_wconf 82' lang='lat' dir='ltr'><strong><em>obtuto</em></strong></span> <span class='ocrx_word' id='word_1_179' title='bbox 191 1829 260 1879; x_wconf 81' lang='lat' dir='ltr'><strong><em>milri</em></strong></span> <span class='ocrx_word' id='word_1_180' title='bbox 271 1831 375 1893; x_wconf 82' lang='lat' dir='ltr'><strong><em>reddat,</em></strong></span> <span class='ocrx_word' id='word_1_181' title='bbox 386 1831 424 1881; x_wconf 85' lang='lat' dir='ltr'><strong><em>eet</em></strong></span> <span class='ocrx_word' id='word_1_182' title='bbox 442 1831 568 1880; x_wconf 79' lang='lat' dir='ltr'><strong><em>restituat</em></strong></span> <span class='ocrx_word' id='word_1_183' title='bbox 579 1831 721 1895; x_wconf 83' lang='lat' dir='ltr'><strong><em>ampliore.</em></strong></span> <span class='ocrx_word' id='word_1_184' title='bbox 735 1828 799 1881; x_wconf 72' lang='lat' dir='ltr'><strong><em>Haec</em></strong></span> <span class='ocrx_word' id='word_1_185' title='bbox 812 1828 913 1889; x_wconf 76' lang='lat' dir='ltr'><strong><em>dicens</em></strong></span> <span class='ocrx_word' id='word_1_186' title='bbox 925 1829 1133 1897; x_wconf 90' lang='lat' dir='ltr'><strong><em>circumpositos</em></strong></span> <span class='ocrx_word' id='word_1_187' title='bbox 1145 1845 1270 1898; x_wconf 88' lang='lat' dir='ltr'><strong><em>quosque</em></strong></span> 
     </span>
     <span class='ocr_line' id='line_1_16' title="bbox 13 1927 1270 1997; baseline 0.002 -19"><span class='ocrx_word' id='word_1_188' title='bbox 13 1929 24 1977; x_wconf 82' lang='lat' dir='ltr'><strong><em>b</em></strong></span> <span class='ocrx_word' id='word_1_189' title='bbox 37 1927 171 1979; x_wconf 84' lang='lat' dir='ltr'><strong><em>attonitos</em></strong></span> <span class='ocrx_word' id='word_1_190' title='bbox 182 1928 279 1990; x_wconf 85' lang='lat' dir='ltr'><strong><em>reddit,</em></strong></span> <span class='ocrx_word' id='word_1_191' title='bbox 292 1932 319 1980; x_wconf 91' lang='lat' dir='ltr'><strong><em>et</em></strong></span> <span class='ocrx_word' id='word_1_192' title='bbox 331 1944 428 1980; x_wconf 83' lang='lat' dir='ltr'><strong><em>causas</em></strong></span> <span class='ocrx_word' id='word_1_193' title='bbox 439 1928 480 1980; x_wconf 91' lang='lat' dir='ltr'><strong><em>sui</em></strong></span> <span class='ocrx_word' id='word_1_194' title='bbox 494 1927 618 1980; x_wconf 82' lang='lat' dir='ltr'><strong><em>fremitus</em></strong></span> <span class='ocrx_word' id='word_1_195' title='bbox 631 1928 752 1981; x_wconf 83' lang='lat' dir='ltr'><strong><em>declarat</em></strong></span> <span class='ocrx_word' id='word_1_196' title='bbox 769 1928 954 1996; x_wconf 81' lang='lat' dir='ltr'><strong><em>exigentibus;</em></strong></span> <span class='ocrx_word' id='word_1_197' title='bbox 973 1944 1043 1996; x_wconf 89' lang='lat' dir='ltr'><strong><em>quos</em></strong></span> <span class='ocrx_word' id='word_1_198' title='bbox 1060 1945 1155 1997; x_wconf 76' lang='lat' dir='ltr'><strong><em>rogare</em></strong></span> <span class='ocrx_word' id='word_1_199' title='bbox 1173 1945 1222 1997; x_wconf 90' lang='lat' dir='ltr'><strong><em>pro</em></strong></span> <span class='ocrx_word' id='word_1_200' title='bbox 1240 1944 1270 1981; x_wconf 90' lang='lat' dir='ltr'><strong><em>sc</em></strong></span> 
     </span>
     <span class='ocr_line' id='line_1_17' title="bbox 36 2025 1160 2095; baseline 0.003 -18"><span class='ocrx_word' id='word_1_201' title='bbox 36 2041 144 2092; x_wconf 78' lang='lat' dir='ltr'><strong><em>rogans,</em></strong></span> <span class='ocrx_word' id='word_1_202' title='bbox 157 2031 185 2077; x_wconf 88' lang='lat' dir='ltr'><strong><em>et</em></strong></span> <span class='ocrx_word' id='word_1_203' title='bbox 197 2025 361 2094; x_wconf 86' lang='lat' dir='ltr'><strong><em>increpitans</em></strong></span> <span class='ocrx_word' id='word_1_204' title='bbox 373 2027 452 2093; x_wconf 83' lang='lat' dir='ltr'><strong><em>quasi</em></strong></span> <span class='ocrx_word' id='word_1_205' title='bbox 463 2032 580 2083; x_wconf 83' lang='lat' dir='ltr'><strong><em>mutum.</em></strong></span> <span class='ocrx_word' id='word_1_206' title='bbox 592 2026 657 2094; x_wconf 86' lang='lat' dir='ltr'><strong><em>quia</em></strong></span> <span class='ocrx_word' id='word_1_207' title='bbox 667 2027 723 2079; x_wconf 83' lang='lat' dir='ltr'><strong><em>suis</em></strong></span> <span class='ocrx_word' id='word_1_208' title='bbox 736 2028 827 2079; x_wconf 84' lang='lat' dir='ltr'><strong><em>verbis</em></strong></span> <span class='ocrx_word' id='word_1_209' title='bbox 840 2028 957 2080; x_wconf 86' lang='lat' dir='ltr'><strong><em>necdum</em></strong></span> <span class='ocrx_word' id='word_1_210' title='bbox 968 2027 1160 2095; x_wconf 85' lang='lat' dir='ltr'><strong><em>respondisset.</em></strong></span> 
     </span>
    </p>

    <p class='ocr_par' dir='ltr' id='par_1_3' title="bbox 35 2123 1272 2388">
     <span class='ocr_line' id='line_1_18' title="bbox 76 2123 1272 2191; baseline 0.002 -15"><span class='ocrx_word' id='word_1_211' title='bbox 76 2123 110 2181; x_wconf 84' lang='lat'><strong><em>3.</em></strong></span> <span class='ocrx_word' id='word_1_212' title='bbox 132 2124 157 2176; x_wconf 80' lang='lat' dir='ltr'>A</span> <span class='ocrx_word' id='word_1_213' title='bbox 170 2123 288 2175; x_wconf 85' lang='lat' dir='ltr'><strong><em>Turonis</em></strong></span> <span class='ocrx_word' id='word_1_214' title='bbox 296 2123 447 2190; x_wconf 74' lang='lat' dir='ltr'><strong><em>regreditur</em></strong></span> <span class='ocrx_word' id='word_1_215' title='bbox 457 2129 484 2175; x_wconf 93' lang='lat' dir='ltr'><strong><em>et</em></strong></span> <span class='ocrx_word' id='word_1_216' title='bbox 496 2124 640 2176; x_wconf 77' lang='lat' dir='ltr'><strong><em>revertitur</em></strong></span> <span class='ocrx_word' id='word_1_217' title='bbox 652 2124 686 2176; x_wconf 87' lang='lat' dir='ltr'><strong><em>ad</em></strong></span> <span class='ocrx_word' id='word_1_218' title='bbox 699 2140 772 2181; x_wconf 77' lang='lat' dir='ltr'><strong><em>suos,</em></strong></span> <span class='ocrx_word' id='word_1_219' title='bbox 784 2124 866 2176; x_wconf 83' lang='lat' dir='ltr'><strong><em>finem</em></strong></span> <span class='ocrx_word' id='word_1_220' title='bbox 881 2124 918 2176; x_wconf 90' lang='lat' dir='ltr'><strong><em>rei</em></strong></span> <span class='ocrx_word' id='word_1_221' title='bbox 932 2123 1001 2176; x_wconf 84' lang='lat' dir='ltr'><strong><em>velle</em></strong></span> <span class='ocrx_word' id='word_1_222' title='bbox 1015 2124 1063 2176; x_wconf 86' lang='lat' dir='ltr'><strong><em>Dei</em></strong></span> <span class='ocrx_word' id='word_1_223' title='bbox 1076 2124 1232 2191; x_wconf 84' lang='lat' dir='ltr'><strong><em>relinquens</em></strong></span> <span class='ocrx_word' id='word_1_224' title='bbox 1244 2130 1272 2178; x_wconf 88' lang='lat' dir='ltr'><strong><em>et</em></strong></span> 
     </span>
     <span class='ocr_line' id='line_1_19' title="bbox 35 2219 1270 2288; baseline -0.001 -13"><span class='ocrx_word' id='word_1_225' title='bbox 35 2222 154 2275; x_wconf 73' lang='lat' dir='ltr'><strong><em>Martini.</em></strong></span> <span class='ocrx_word' id='word_1_226' title='bbox 164 2221 211 2273; x_wconf 87' lang='lat' dir='ltr'><strong><em>Vir</em></strong></span> <span class='ocrx_word' id='word_1_227' title='bbox 229 2222 300 2272; x_wconf 90' lang='lat' dir='ltr'><strong><em>idem</em></strong></span> <span class='ocrx_word' id='word_1_228' title='bbox 317 2236 378 2272; x_wconf 87' lang='lat' dir='ltr'><strong><em>curu</em></strong></span> <span class='ocrx_word' id='word_1_229' title='bbox 396 2236 533 2287; x_wconf 76' lang='lat' dir='ltr'><strong><em>regressus</em></strong></span> <span class='ocrx_word' id='word_1_230' title='bbox 549 2225 620 2272; x_wconf 86' lang='lat' dir='ltr'><strong><em>esset</em></strong></span> <span class='ocrx_word' id='word_1_231' title='bbox 632 2220 782 2273; x_wconf 89' lang='lat' dir='ltr'><strong><em>intraturus</em></strong></span> <span class='ocrx_word' id='word_1_232' title='bbox 798 2236 877 2271; x_wconf 86' lang='lat' dir='ltr'><strong><em>suam</em></strong></span> <span class='ocrx_word' id='word_1_233' title='bbox 893 2219 1061 2288; x_wconf 84' lang='lat' dir='ltr'><strong><em>parochiam,</em></strong></span> <span class='ocrx_word' id='word_1_234' title='bbox 1075 2226 1165 2272; x_wconf 87' lang='lat' dir='ltr'><strong><em>terens</em></strong></span> <span class='ocrx_word' id='word_1_235' title='bbox 1181 2222 1270 2288; x_wconf 86' lang='lat' dir='ltr'><strong><em>ripam</em></strong></span> 
     </span>
     <span class='ocr_line' id='line_1_20' title="bbox 36 2318 1271 2388; baseline -0.002 -15"><span class='ocrx_word' id='word_1_236' title='bbox 36 2322 129 2374; x_wconf 81' lang='lat' dir='ltr'><strong><em>Rheni</em></strong></span> <span class='ocrx_word' id='word_1_237' title='bbox 142 2321 298 2388; x_wconf 87' lang='lat' dir='ltr'><strong><em>oppositam</em></strong></span> <span class='ocrx_word' id='word_1_238' title='bbox 313 2318 391 2381; x_wconf 77' lang='lat' dir='ltr'><strong><em>villa,</em></strong></span> <span class='ocrx_word' id='word_1_239' title='bbox 401 2320 467 2371; x_wconf 89' lang='lat' dir='ltr'><strong><em>dum</em></strong></span> <span class='ocrx_word' id='word_1_240' title='bbox 479 2320 617 2372; x_wconf 88' lang='lat' dir='ltr'><strong><em>liburnam</em></strong></span> <span class='ocrx_word' id='word_1_241' title='bbox 630 2319 804 2386; x_wconf 72' lang='lat' dir='ltr'><strong><em>praestolatur</em></strong></span> <span class='ocrx_word' id='word_1_242' title='bbox 815 2335 870 2386; x_wconf 84' lang='lat' dir='ltr'><strong><em>qua</em></strong></span> <span class='ocrx_word' id='word_1_243' title='bbox 882 2324 1076 2386; x_wconf 85' lang='lat' dir='ltr'><strong><em>transponatur</em></strong></span> <span class='ocrx_word' id='word_1_244' title='bbox 1092 2320 1184 2381; x_wconf 75' lang='lat' dir='ltr'><strong><em>novio,</em></strong></span> <span class='ocrx_word' id='word_1_245' title='bbox 1194 2319 1271 2372; x_wconf 87' lang='lat' dir='ltr'><strong><em>audit</em></strong></span> 
     </span>
    </p>

    <p class='ocr_par' dir='ltr' id='par_1_4' title="bbox 10 2417 1274 2886">
     <span class='ocr_line' id='line_1_21' title="bbox 10 2417 1271 2487; baseline -0.001 -15"><span class='ocrx_word' id='word_1_246' title='bbox 10 2431 14 2463; x_wconf 75' lang='lat' dir='ltr'><strong><em>t</em></strong></span> <span class='ocrx_word' id='word_1_247' title='bbox 37 2438 52 2473; x_wconf 86' lang='lat' dir='ltr'><strong><em>e</em></strong></span> <span class='ocrx_word' id='word_1_248' title='bbox 73 2420 144 2473; x_wconf 85' lang='lat' dir='ltr'><strong><em>turri</em></strong></span> <span class='ocrx_word' id='word_1_249' title='bbox 162 2420 343 2487; x_wconf 76' lang='lat' dir='ltr'><strong><em>mugientium</em></strong></span> <span class='ocrx_word' id='word_1_250' title='bbox 356 2419 499 2471; x_wconf 87' lang='lat' dir='ltr'><strong><em>classicum</em></strong></span> <span class='ocrx_word' id='word_1_251' title='bbox 522 2417 853 2487; x_wconf 82' lang='lat' dir='ltr'><strong><em>carrrpauarum.Nanr‚ut</em></strong></span> <span class='ocrx_word' id='word_1_252' title='bbox 872 2418 974 2470; x_wconf 91' lang='lat' dir='ltr'><strong><em>dudum</em></strong></span> <span class='ocrx_word' id='word_1_253' title='bbox 993 2418 1123 2486; x_wconf 86' lang='lat' dir='ltr'><strong><em>episcopo</em></strong></span> <span class='ocrx_word' id='word_1_254' title='bbox 1133 2419 1168 2470; x_wconf 90' lang='lat' dir='ltr'><strong><em>ab</em></strong></span> <span class='ocrx_word' id='word_1_255' title='bbox 1181 2419 1271 2471; x_wconf 82' lang='lat' dir='ltr'><strong><em>Roma</em></strong></span> 
     </span>
     <span class='ocr_line' id='line_1_22' title="bbox 37 2517 1271 2586; baseline -0.002 -13"><span class='ocrx_word' id='word_1_256' title='bbox 37 2519 145 2573; x_wconf 76' lang='lat' dir='ltr'><strong><em>briccio</em></strong></span> <span class='ocrx_word' id='word_1_257' title='bbox 156 2524 219 2586; x_wconf 89' lang='lat' dir='ltr'><strong><em>post</em></strong></span> <span class='ocrx_word' id='word_1_258' title='bbox 227 2524 352 2570; x_wconf 65' lang='lat' dir='ltr'><strong><em>excretam</em></strong></span> <span class='ocrx_word' id='word_1_259' title='bbox 362 2523 455 2570; x_wconf 86' lang='lat' dir='ltr'><strong><em>reatus</em></strong></span> <span class='ocrx_word' id='word_1_260' title='bbox 465 2518 652 2585; x_wconf 77' lang='lat' dir='ltr'><strong><em>penitentiam</em></strong></span> <span class='ocrx_word' id='word_1_261' title='bbox 662 2517 899 2580; x_wconf 88' lang='lat' dir='ltr'><strong><em>rever·tente‚hora</em></strong></span> <span class='ocrx_word' id='word_1_262' title='bbox 910 2517 1079 2584; x_wconf 74' lang='lat' dir='ltr'><strong><em>intempestae</em></strong></span> <span class='ocrx_word' id='word_1_263' title='bbox 1088 2518 1184 2579; x_wconf 90' lang='lat' dir='ltr'><strong><em>noctis,</em></strong></span> <span class='ocrx_word' id='word_1_264' title='bbox 1195 2517 1271 2570; x_wconf 87' lang='lat' dir='ltr'><strong><em>evul-</em></strong></span> 
     </span>
     <span class='ocr_line' id='line_1_23' title="bbox 37 2617 1271 2685; baseline -0.004 -12"><span class='ocrx_word' id='word_1_265' title='bbox 37 2636 100 2673; x_wconf 84' lang='lat' dir='ltr'><strong><em>sum</em></strong></span> <span class='ocrx_word' id='word_1_266' title='bbox 112 2623 204 2672; x_wconf 89' lang='lat' dir='ltr'><strong><em>morte</em></strong></span> <span class='ocrx_word' id='word_1_267' title='bbox 217 2618 307 2670; x_wconf 88' lang='lat' dir='ltr'><strong><em>subita</em></strong></span> <span class='ocrx_word' id='word_1_268' title='bbox 320 2618 493 2671; x_wconf 83' lang='lat' dir='ltr'><strong><em>Armentiuur</em></strong></span> <span class='ocrx_word' id='word_1_269' title='bbox 506 2624 667 2679; x_wconf 83' lang='lat' dir='ltr'><strong><em>extruserat,</em></strong></span> <span class='ocrx_word' id='word_1_270' title='bbox 679 2618 727 2685; x_wconf 83' lang='lat' dir='ltr'><strong><em>qui</em></strong></span> <span class='ocrx_word' id='word_1_271' title='bbox 740 2617 887 2670; x_wconf 87' lang='lat' dir='ltr'><strong><em>obsederat</em></strong></span> <span class='ocrx_word' id='word_1_272' title='bbox 899 2617 1067 2677; x_wconf 87' lang='lat' dir='ltr'><strong><em>cathedram,</em></strong></span> <span class='ocrx_word' id='word_1_273' title='bbox 1080 2622 1107 2669; x_wconf 91' lang='lat' dir='ltr'><strong><em>et</em></strong></span> <span class='ocrx_word' id='word_1_274' title='bbox 1123 2617 1149 2669; x_wconf 90' lang='lat' dir='ltr'><strong><em>id</em></strong></span> <span class='ocrx_word' id='word_1_275' title='bbox 1162 2633 1271 2684; x_wconf 85' lang='lat' dir='ltr'><strong><em>quoque</em></strong></span> 
     </span>
     <span class='ocr_line' id='line_1_24' title="bbox 39 2716 1274 2786; baseline -0.003 -15"><span class='ocrx_word' id='word_1_276' title='bbox 39 2724 96 2771; x_wconf 80' lang='lat' dir='ltr'><strong><em>tam</em></strong></span> <span class='ocrx_word' id='word_1_277' title='bbox 106 2718 196 2786; x_wconf 85' lang='lat' dir='ltr'><strong><em>aperti</em></strong></span> <span class='ocrx_word' id='word_1_278' title='bbox 208 2718 259 2769; x_wconf 89' lang='lat' dir='ltr'><strong><em>sub</em></strong></span> <span class='ocrx_word' id='word_1_279' title='bbox 269 2717 364 2783; x_wconf 86' lang='lat' dir='ltr'><strong><em>judicii</em></strong></span> <span class='ocrx_word' id='word_1_280' title='bbox 376 2732 500 2778; x_wconf 84' lang='lat' dir='ltr'><strong><em>censura,</em></strong></span> <span class='ocrx_word' id='word_1_281' title='bbox 512 2723 549 2777; x_wconf 86' lang='lat' dir='ltr'><strong><em>ut,</em></strong></span> <span class='ocrx_word' id='word_1_282' title='bbox 562 2718 627 2769; x_wconf 89' lang='lat' dir='ltr'><strong><em>dum</em></strong></span> <span class='ocrx_word' id='word_1_283' title='bbox 640 2718 737 2769; x_wconf 89' lang='lat' dir='ltr'><strong><em>urbem</em></strong></span> <span class='ocrx_word' id='word_1_284' title='bbox 757 2717 839 2768; x_wconf 89' lang='lat' dir='ltr'><strong><em>intrat</em></strong></span> <span class='ocrx_word' id='word_1_285' title='bbox 858 2716 909 2777; x_wconf 86' lang='lat' dir='ltr'><strong><em>ille,</em></strong></span> <span class='ocrx_word' id='word_1_286' title='bbox 922 2716 1012 2784; x_wconf 79' lang='lat' dir='ltr'><strong><em>rigens</em></strong></span> <span class='ocrx_word' id='word_1_287' title='bbox 1023 2716 1072 2768; x_wconf 90' lang='lat' dir='ltr'><strong><em>iste</em></strong></span> <span class='ocrx_word' id='word_1_288' title='bbox 1086 2717 1229 2778; x_wconf 60' lang='lat' dir='ltr'><strong><em>efferatum</em></strong></span> <span class='ocrx_word' id='word_1_289' title='bbox 1241 2743 1274 2753; x_wconf 94' lang='lat'>-</span> 
     </span>
     <span class='ocr_line' id='line_1_25' title="bbox 39 2815 1274 2886; baseline -0.002 -16"><span class='ocrx_word' id='word_1_290' title='bbox 39 2819 99 2871; x_wconf 80' lang='lat' dir='ltr'><strong><em>viro</em></strong></span> <span class='ocrx_word' id='word_1_291' title='bbox 111 2833 223 2886; x_wconf 84' lang='lat' dir='ltr'><strong><em>quoque</em></strong></span> <span class='ocrx_word' id='word_1_292' title='bbox 236 2816 413 2884; x_wconf 70' lang='lat' dir='ltr'><strong><em>praestolanti.</em></strong></span> <span class='ocrx_word' id='word_1_293' title='bbox 425 2822 456 2868; x_wconf 97' lang='lat' dir='ltr'><strong><em>ut</em></strong></span> <span class='ocrx_word' id='word_1_294' title='bbox 468 2816 588 2883; x_wconf 69' lang='lat' dir='ltr'><strong><em>praedixi,</em></strong></span> <span class='ocrx_word' id='word_1_295' title='bbox 601 2815 748 2883; x_wconf 81' lang='lat' dir='ltr'><strong><em>navigium,</em></strong></span> <span class='ocrx_word' id='word_1_296' title='bbox 760 2832 809 2883; x_wconf 88' lang='lat' dir='ltr'><strong><em>per</em></strong></span> <span class='ocrx_word' id='word_1_297' title='bbox 824 2831 927 2884; x_wconf 85' lang='lat' dir='ltr'><strong><em>organa</em></strong></span> <span class='ocrx_word' id='word_1_298' title='bbox 943 2820 1139 2883; x_wconf 88' lang='lat' dir='ltr'><strong><em>campunarum</em></strong></span> <span class='ocrx_word' id='word_1_299' title='bbox 1152 2815 1274 2882; x_wconf 89' lang='lat' dir='ltr'><strong><em>complo-</em></strong></span> 
     </span>
    </p>

    <p class='ocr_par' dir='ltr' id='par_1_5' title="bbox 10 2914 1275 3379">
     <span class='ocr_line' id='line_1_26' title="bbox 10 2914 1273 2984; baseline -0.003 -14"><span class='ocrx_word' id='word_1_300' title='bbox 10 2914 133 2970; x_wconf 70' lang='lat' dir='ltr'><strong><em>isarum</em></strong></span> <span class='ocrx_word' id='word_1_301' title='bbox 160 2916 302 2984; x_wconf 74' lang='lat' dir='ltr'><strong><em>designata</em></strong></span> <span class='ocrx_word' id='word_1_302' title='bbox 322 2934 339 2968; x_wconf 89' lang='lat' dir='ltr'><strong><em>a</em></strong></span> <span class='ocrx_word' id='word_1_303' title='bbox 358 2916 449 2968; x_wconf 84' lang='lat' dir='ltr'><strong><em>nautis</em></strong></span> <span class='ocrx_word' id='word_1_304' title='bbox 472 2914 637 2968; x_wconf 78' lang='lat' dir='ltr'><strong><em>vicedomini</em></strong></span> <span class='ocrx_word' id='word_1_305' title='bbox 658 2914 812 2967; x_wconf 85' lang='lat' dir='ltr'><strong><em>declaratur</em></strong></span> <span class='ocrx_word' id='word_1_306' title='bbox 833 2930 909 2967; x_wconf 89' lang='lat' dir='ltr'><strong><em>mors</em></strong></span> <span class='ocrx_word' id='word_1_307' title='bbox 931 2914 1052 2967; x_wconf 86' lang='lat' dir='ltr'><strong><em>extincti.</em></strong></span> <span class='ocrx_word' id='word_1_308' title='bbox 1070 2914 1173 2966; x_wconf 82' lang='lat' dir='ltr'><strong><em>Assunt</em></strong></span> <span class='ocrx_word' id='word_1_309' title='bbox 1200 2914 1273 2966; x_wconf 87' lang='lat' dir='ltr'><strong><em>enim</em></strong></span> 
     </span>
     <span class='ocr_line' id='line_1_27' title="bbox 41 3013 1275 3084; baseline -0.002 -15"><span class='ocrx_word' id='word_1_310' title='bbox 41 3016 161 3078; x_wconf 86' lang='lat' dir='ltr'><strong><em>lenbulo,</em></strong></span> <span class='ocrx_word' id='word_1_311' title='bbox 181 3020 208 3068; x_wconf 85' lang='lat' dir='ltr'><strong><em>et</em></strong></span> <span class='ocrx_word' id='word_1_312' title='bbox 228 3033 260 3069; x_wconf 88' lang='lat' dir='ltr'><strong><em>eo</em></strong></span> <span class='ocrx_word' id='word_1_313' title='bbox 278 3016 369 3084; x_wconf 75' lang='lat' dir='ltr'><strong><em>agirito</em></strong></span> <span class='ocrx_word' id='word_1_314' title='bbox 389 3015 479 3068; x_wconf 87' lang='lat' dir='ltr'><strong><em>statim</em></strong></span> <span class='ocrx_word' id='word_1_315' title='bbox 500 3019 682 3066; x_wconf 74' lang='lat' dir='ltr'><strong><em>reuertentem</em></strong></span> <span class='ocrx_word' id='word_1_316' title='bbox 700 3014 733 3066; x_wconf 86' lang='lat' dir='ltr'><strong><em>dc</em></strong></span> <span class='ocrx_word' id='word_1_317' title='bbox 751 3030 862 3081; x_wconf 81' lang='lat' dir='ltr'><strong><em>peregre</em></strong></span> <span class='ocrx_word' id='word_1_318' title='bbox 880 3030 941 3066; x_wconf 89' lang='lat' dir='ltr'><strong><em>eum</em></strong></span> <span class='ocrx_word' id='word_1_319' title='bbox 964 3014 1057 3066; x_wconf 84' lang='lat' dir='ltr'><strong><em>favere</em></strong></span> <span class='ocrx_word' id='word_1_320' title='bbox 1077 3013 1229 3081; x_wconf 86' lang='lat' dir='ltr'><strong><em>excipiuut;</em></strong></span> <span class='ocrx_word' id='word_1_321' title='bbox 1247 3018 1275 3066; x_wconf 89' lang='lat' dir='ltr'><strong><em>et</em></strong></span> 
     </span>
     <span class='ocr_line' id='line_1_28' title="bbox 41 3112 1274 3183; baseline -0.002 -15"><span class='ocrx_word' id='word_1_322' title='bbox 41 3120 196 3183; x_wconf 72' lang='lat' dir='ltr'><strong><em>quaerentes</em></strong></span> <span class='ocrx_word' id='word_1_323' title='bbox 211 3132 270 3182; x_wconf 82' lang='lat' dir='ltr'><strong><em>eJus</em></strong></span> <span class='ocrx_word' id='word_1_324' title='bbox 285 3115 443 3177; x_wconf 87' lang='lat' dir='ltr'><strong><em>accidentia,</em></strong></span> <span class='ocrx_word' id='word_1_325' title='bbox 458 3118 553 3165; x_wconf 89' lang='lat' dir='ltr'><strong><em>cuncta</em></strong></span> <span class='ocrx_word' id='word_1_326' title='bbox 571 3113 608 3166; x_wconf 88' lang='lat' dir='ltr'><strong><em>illi</em></strong></span> <span class='ocrx_word' id='word_1_327' title='bbox 623 3130 673 3164; x_wconf 84' lang='lat' dir='ltr'><strong><em>sua</em></strong></span> <span class='ocrx_word' id='word_1_328' title='bbox 689 3113 838 3165; x_wconf 84' lang='lat' dir='ltr'><strong><em>notificant.</em></strong></span> <span class='ocrx_word' id='word_1_329' title='bbox 851 3112 902 3178; x_wconf 84' lang='lat' dir='ltr'><strong><em>Qui</em></strong></span> <span class='ocrx_word' id='word_1_330' title='bbox 914 3113 948 3165; x_wconf 78' lang='lat' dir='ltr'><strong><em>cle</em></strong></span> <span class='ocrx_word' id='word_1_331' title='bbox 961 3119 1049 3165; x_wconf 91' lang='lat' dir='ltr'><strong><em>morte</em></strong></span> <span class='ocrx_word' id='word_1_332' title='bbox 1058 3118 1149 3166; x_wconf 88' lang='lat' dir='ltr'><strong><em>certus</em></strong></span> <span class='ocrx_word' id='word_1_333' title='bbox 1160 3113 1202 3166; x_wconf 87' lang='lat' dir='ltr'><strong><em>sui</em></strong></span> <span class='ocrx_word' id='word_1_334' title='bbox 1216 3130 1274 3180; x_wconf 90' lang='lat' dir='ltr'><strong><em>per·</em></strong></span> 
     </span>
     <span class='ocr_line' id='line_1_29' title="bbox 41 3212 1275 3280; baseline -0.002 -13"><span class='ocrx_word' id='word_1_335' title='bbox 41 3215 176 3267; x_wconf 86' lang='lat' dir='ltr'><strong><em>secutoris</em></strong></span> <span class='ocrx_word' id='word_1_336' title='bbox 188 3214 316 3275; x_wconf 81' lang='lat' dir='ltr'><strong><em>redditus,</em></strong></span> <span class='ocrx_word' id='word_1_337' title='bbox 336 3213 403 3266; x_wconf 84' lang='lat' dir='ltr'><strong><em>nihil</em></strong></span> <span class='ocrx_word' id='word_1_338' title='bbox 416 3229 513 3265; x_wconf 75' lang='lat' dir='ltr'><strong><em>serens</em></strong></span> <span class='ocrx_word' id='word_1_339' title='bbox 530 3212 673 3265; x_wconf 88' lang='lat' dir='ltr'><strong><em>ecclesium</em></strong></span> <span class='ocrx_word' id='word_1_340' title='bbox 693 3213 846 3279; x_wconf 87' lang='lat' dir='ltr'><strong><em>proximum</em></strong></span> <span class='ocrx_word' id='word_1_341' title='bbox 865 3212 1073 3271; x_wconf 83' lang='lat' dir='ltr'><strong><em>blartiuiintrut‚</em></strong></span> <span class='ocrx_word' id='word_1_342' title='bbox 1091 3218 1119 3264; x_wconf 91' lang='lat' dir='ltr'><strong><em>et</em></strong></span> <span class='ocrx_word' id='word_1_343' title='bbox 1136 3228 1165 3264; x_wconf 88' lang='lat' dir='ltr'><strong><em>se</em></strong></span> <span class='ocrx_word' id='word_1_344' title='bbox 1185 3229 1233 3280; x_wconf 89' lang='lat' dir='ltr'><strong><em>pro</em></strong></span> <span class='ocrx_word' id='word_1_345' title='bbox 1245 3228 1275 3264; x_wconf 90' lang='lat' dir='ltr'><strong><em>se</em></strong></span> 
     </span>
     <span class='ocr_line' id='line_1_30' title="bbox 41 3310 1273 3379; baseline -0.001 -14"><span class='ocrx_word' id='word_1_346' title='bbox 41 3312 180 3376; x_wconf 78' lang='lat' dir='ltr'><strong><em>exaudito,</em></strong></span> <span class='ocrx_word' id='word_1_347' title='bbox 191 3313 279 3365; x_wconf 83' lang='lat' dir='ltr'><strong><em>fundit</em></strong></span> <span class='ocrx_word' id='word_1_348' title='bbox 291 3328 384 3379; x_wconf 87' lang='lat' dir='ltr'><strong><em>preces</em></strong></span> <span class='ocrx_word' id='word_1_349' title='bbox 397 3328 445 3378; x_wconf 91' lang='lat' dir='ltr'><strong><em>pro</em></strong></span> <span class='ocrx_word' id='word_1_350' title='bbox 458 3311 595 3364; x_wconf 83' lang='lat' dir='ltr'><strong><em>defuncto.</em></strong></span> <span class='ocrx_word' id='word_1_351' title='bbox 611 3312 663 3363; x_wconf 88' lang='lat' dir='ltr'><strong><em>Sed</em></strong></span> <span class='ocrx_word' id='word_1_352' title='bbox 680 3311 774 3363; x_wconf 89' lang='lat' dir='ltr'><strong><em>dolens</em></strong></span> <span class='ocrx_word' id='word_1_353' title='bbox 790 3327 833 3363; x_wconf 86' lang='lat' dir='ltr'><strong><em>res</em></strong></span> <span class='ocrx_word' id='word_1_354' title='bbox 842 3311 883 3363; x_wconf 93' lang='lat' dir='ltr'><strong><em>sui</em></strong></span> <span class='ocrx_word' id='word_1_355' title='bbox 895 3312 963 3378; x_wconf 86' lang='lat' dir='ltr'><strong><em>juris</em></strong></span> <span class='ocrx_word' id='word_1_356' title='bbox 973 3310 1106 3378; x_wconf 85' lang='lat' dir='ltr'><strong><em>possideri</em></strong></span> <span class='ocrx_word' id='word_1_357' title='bbox 1115 3311 1150 3363; x_wconf 83' lang='lat' dir='ltr'><strong><em>ab</em></strong></span> <span class='ocrx_word' id='word_1_358' title='bbox 1164 3311 1273 3377; x_wconf 79' lang='lat' dir='ltr'><strong><em>injusto,</em></strong></span> 
     </span>
    </p>

    <p class='ocr_par' dir='ltr' id='par_1_6' title="bbox 10 3411 720 3479">
     <span class='ocr_line' id='line_1_31' title="bbox 10 3411 720 3479; baseline 0.004 -18"><span class='ocrx_word' id='word_1_359' title='bbox 10 3412 24 3461; x_wconf 76' lang='lat' dir='ltr'><strong><em>b</em></strong></span> <span class='ocrx_word' id='word_1_360' title='bbox 41 3412 91 3464; x_wconf 80' lang='lat' dir='ltr'><strong><em>tras</em></strong></span> <span class='ocrx_word' id='word_1_361' title='bbox 103 3427 160 3479; x_wconf 86' lang='lat' dir='ltr'><strong><em>qua</em></strong></span> <span class='ocrx_word' id='word_1_362' title='bbox 169 3412 249 3465; x_wconf 81' lang='lat' dir='ltr'><strong><em>vellet</em></strong></span> <span class='ocrx_word' id='word_1_363' title='bbox 261 3412 313 3464; x_wconf 89' lang='lat' dir='ltr'><strong><em>sibi</em></strong></span> <span class='ocrx_word' id='word_1_364' title='bbox 325 3417 398 3464; x_wconf 90' lang='lat' dir='ltr'><strong><em>sorte</em></strong></span> <span class='ocrx_word' id='word_1_365' title='bbox 408 3412 495 3464; x_wconf 88' lang='lat' dir='ltr'><strong><em>Deum</em></strong></span> <span class='ocrx_word' id='word_1_366' title='bbox 508 3417 586 3479; x_wconf 83' lang='lat' dir='ltr'><strong><em>rogat</em></strong></span> <span class='ocrx_word' id='word_1_367' title='bbox 597 3411 720 3464; x_wconf 87' lang='lat' dir='ltr'><strong><em>reddere.</em></strong></span> 
     </span>
    </p>

    <p class='ocr_par' dir='ltr' id='par_1_7' title="bbox 41 3508 1272 3858">
     <span class='ocr_line' id='line_1_32' title="bbox 80 3508 1272 3576; baseline -0.004 -10"><span class='ocrx_word' id='word_1_368' title='bbox 80 3509 117 3566; x_wconf 81' lang='lat'><strong><em>4.</em></strong></span> <span class='ocrx_word' id='word_1_369' title='bbox 141 3509 184 3563; x_wconf 88' lang='lat' dir='ltr'><strong><em>Sic</em></strong></span> <span class='ocrx_word' id='word_1_370' title='bbox 197 3516 224 3562; x_wconf 92' lang='lat' dir='ltr'><strong><em>et</em></strong></span> <span class='ocrx_word' id='word_1_371' title='bbox 233 3508 404 3562; x_wconf 79' lang='lat' dir='ltr'><strong><em>conservavit</em></strong></span> <span class='ocrx_word' id='word_1_372' title='bbox 419 3509 489 3561; x_wconf 84' lang='lat' dir='ltr'><strong><em>idem</em></strong></span> <span class='ocrx_word' id='word_1_373' title='bbox 503 3510 545 3562; x_wconf 90' lang='lat' dir='ltr'><strong><em>vir</em></strong></span> <span class='ocrx_word' id='word_1_374' title='bbox 555 3509 739 3562; x_wconf 86' lang='lat' dir='ltr'><strong><em>innocentiam</em></strong></span> <span class='ocrx_word' id='word_1_375' title='bbox 752 3525 839 3572; x_wconf 76' lang='lat' dir='ltr'><strong><em>suam,</em></strong></span> <span class='ocrx_word' id='word_1_376' title='bbox 850 3514 876 3560; x_wconf 89' lang='lat' dir='ltr'><strong><em>et</em></strong></span> <span class='ocrx_word' id='word_1_377' title='bbox 886 3509 987 3576; x_wconf 90' lang='lat' dir='ltr'><strong><em>recepit</em></strong></span> <span class='ocrx_word' id='word_1_378' title='bbox 996 3508 1175 3576; x_wconf 80' lang='lat' dir='ltr'><strong><em>possessionis</em></strong></span> <span class='ocrx_word' id='word_1_379' title='bbox 1185 3508 1272 3576; x_wconf 90' lang='lat' dir='ltr'><strong><em>perdi·</em></strong></span> 
     </span>
     <span class='ocr_line' id='line_1_33' title="bbox 41 3604 1271 3675; baseline -0.003 -14"><span class='ocrx_word' id='word_1_380' title='bbox 41 3614 97 3661; x_wconf 81' lang='lat' dir='ltr'><strong><em>tam</em></strong></span> <span class='ocrx_word' id='word_1_381' title='bbox 118 3606 385 3674; x_wconf 77' lang='lat' dir='ltr'><strong><em>substantiam3qui‚</em></strong></span> <span class='ocrx_word' id='word_1_382' title='bbox 407 3623 454 3675; x_wconf 89' lang='lat' dir='ltr'><strong><em>per</em></strong></span> <span class='ocrx_word' id='word_1_383' title='bbox 470 3606 616 3659; x_wconf 77' lang='lat' dir='ltr'><strong><em>Martinum</em></strong></span> <span class='ocrx_word' id='word_1_384' title='bbox 636 3606 760 3659; x_wconf 80' lang='lat' dir='ltr'><strong><em>diuinum</em></strong></span> <span class='ocrx_word' id='word_1_385' title='bbox 781 3609 945 3656; x_wconf 89' lang='lat' dir='ltr'><strong><em>consecutus</em></strong></span> <span class='ocrx_word' id='word_1_386' title='bbox 964 3604 1127 3666; x_wconf 88' lang='lat' dir='ltr'><strong><em>subsidium,</em></strong></span> <span class='ocrx_word' id='word_1_387' title='bbox 1140 3621 1196 3657; x_wconf 90' lang='lat' dir='ltr'><strong><em>non</em></strong></span> <span class='ocrx_word' id='word_1_388' title='bbox 1213 3606 1271 3671; x_wconf 88' lang='lat' dir='ltr'><strong><em>jam</em></strong></span> 
     </span>
     <span class='ocr_line' id='line_1_34' title="bbox 42 3703 1271 3774; baseline -0.003 -15"><span class='ocrx_word' id='word_1_389' title='bbox 42 3708 149 3770; x_wconf 89' lang='lat' dir='ltr'><strong><em>durum,</em></strong></span> <span class='ocrx_word' id='word_1_390' title='bbox 166 3705 357 3774; x_wconf 71' lang='lat' dir='ltr'><strong><em>negligentem,</em></strong></span> <span class='ocrx_word' id='word_1_391' title='bbox 370 3706 491 3765; x_wconf 84' lang='lat' dir='ltr'><strong><em>surdum,</em></strong></span> <span class='ocrx_word' id='word_1_392' title='bbox 504 3711 611 3757; x_wconf 88' lang='lat' dir='ltr'><strong><em>mutum</em></strong></span> <span class='ocrx_word' id='word_1_393' title='bbox 631 3705 674 3756; x_wconf 82' lang='lat' dir='ltr'><strong><em>rel</em></strong></span> <span class='ocrx_word' id='word_1_394' title='bbox 692 3704 873 3755; x_wconf 89' lang='lat' dir='ltr'><strong><em>dormientem</em></strong></span> <span class='ocrx_word' id='word_1_395' title='bbox 894 3703 1018 3758; x_wconf 73' lang='lat' dir='ltr'><strong><em>recutiat.</em></strong></span> <span class='ocrx_word' id='word_1_396' title='bbox 1030 3703 1077 3755; x_wconf 90' lang='lat' dir='ltr'><strong><em>sed</em></strong></span> <span class='ocrx_word' id='word_1_397' title='bbox 1099 3703 1271 3755; x_wconf 88' lang='lat' dir='ltr'><strong><em>celerrimum</em></strong></span> 
     </span>
     <span class='ocr_line' id='line_1_35' title="bbox 42 3805 247 3858; baseline -0.005 0"><span class='ocrx_word' id='word_1_398' title='bbox 42 3805 247 3858; x_wconf 74' lang='lat' dir='ltr'><strong><em>subventorem.</em></strong></span> 
     </span>
    </p>
   </div>
   <div class='ocr_carea' id='block_1_3' title="bbox 110 4096 1211 4374">
    <p class='ocr_par' dir='ltr' id='par_1_8' title="bbox 110 4096 1211 4374">
     <span class='ocr_line' id='line_1_36' title="bbox 218 4096 1105 4181; baseline -0.003 -19"><span class='ocrx_word' id='word_1_399' title='bbox 218 4119 255 4162; x_wconf 83' lang='lat' dir='ltr'><strong><em>nn</em></strong></span> <span class='ocrx_word' id='word_1_400' title='bbox 276 4120 302 4162; x_wconf 86' lang='lat' dir='ltr'><strong><em>s.</em></strong></span> <span class='ocrx_word' id='word_1_401' title='bbox 323 4118 457 4162; x_wconf 81' lang='lat' dir='ltr'><strong><em>sourrrro</em></strong></span> <span class='ocrx_word' id='word_1_402' title='bbox 479 4118 603 4161; x_wconf 79' lang='lat' dir='ltr'><strong><em>seusun.</em></strong></span> <span class='ocrx_word' id='word_1_403' title='bbox 627 4098 704 4181; x_wconf 84' lang='lat' dir='ltr'><strong><em>(Cir.</em></strong></span> <span class='ocrx_word' id='word_1_404' title='bbox 728 4116 836 4178; x_wconf 84' lang='lat' dir='ltr'><strong><em>supra,</em></strong></span> <span class='ocrx_word' id='word_1_405' title='bbox 859 4117 931 4178; x_wconf 69' lang='lat' dir='ltr'><strong><em>[ring.</em></strong></span> <span class='ocrx_word' id='word_1_406' title='bbox 954 4096 1025 4173; x_wconf 77' lang='lat'><strong><em>493,</em></strong></span> <span class='ocrx_word' id='word_1_407' title='bbox 1048 4100 1105 4177; x_wconf 73' lang='lat'><strong><em>(3⁰.)</em></strong></span> 
     </span>
     <span class='ocr_line' id='line_1_37' title="bbox 110 4296 1211 4374; baseline -0.006 -11"><span class='ocrx_word' id='word_1_408' title='bbox 110 4302 239 4374; x_wconf 78' lang='lat' dir='ltr'><strong><em>Incipit</em></strong></span> <span class='ocrx_word' id='word_1_409' title='bbox 260 4302 340 4359; x_wconf 81' lang='lat' dir='ltr'><strong><em>vita</em></strong></span> <span class='ocrx_word' id='word_1_410' title='bbox 361 4300 477 4359; x_wconf 81' lang='lat' dir='ltr'><strong><em>saneti</em></strong></span> <span class='ocrx_word' id='word_1_411' title='bbox 499 4299 655 4372; x_wconf 80' lang='lat' dir='ltr'><strong><em>Sulpicii,</em></strong></span> <span class='ocrx_word' id='word_1_412' title='bbox 679 4297 913 4356; x_wconf 80' lang='lat' dir='ltr'><strong><em>Biturtcensts</em></strong></span> <span class='ocrx_word' id='word_1_413' title='bbox 940 4296 1211 4369; x_wconf 81' lang='lat' dir='ltr'><strong><em>archiepiscopi.</em></strong></span> 
     </span>
    </p>
   </div>
   <div class='ocr_carea' id='block_1_4' title="bbox 43 4505 1276 4771">
    <p class='ocr_par' dir='ltr' id='par_1_9' title="bbox 43 4505 1276 4771">
     <span class='ocr_line' id='line_1_38' title="bbox 87 4505 1275 4577; baseline -0.005 -12"><span class='ocrx_word' id='word_1_414' title='bbox 87 4512 118 4567; x_wconf 89' lang='lat'><strong><em>1.</em></strong></span> <span class='ocrx_word' id='word_1_415' title='bbox 136 4510 238 4563; x_wconf 86' lang='lat' dir='ltr'><strong><em>Beatus</em></strong></span> <span class='ocrx_word' id='word_1_416' title='bbox 250 4508 331 4577; x_wconf 73' lang='lat' dir='ltr'><strong><em>igitur</em></strong></span> <span class='ocrx_word' id='word_1_417' title='bbox 342 4507 671 4575; x_wconf 79' lang='lat' dir='ltr'><strong><em>Sulpicius‚cognorrrcnto</em></strong></span> <span class='ocrx_word' id='word_1_418' title='bbox 683 4506 807 4567; x_wconf 79' lang='lat' dir='ltr'><strong><em>Severus,</em></strong></span> <span class='ocrx_word' id='word_1_419' title='bbox 816 4505 969 4571; x_wconf 76' lang='lat' dir='ltr'><strong><em>Aquitaniae</em></strong></span> <span class='ocrx_word' id='word_1_420' title='bbox 979 4505 1125 4573; x_wconf 77' lang='lat' dir='ltr'><strong><em>provincia·</em></strong></span> <span class='ocrx_word' id='word_1_421' title='bbox 1135 4505 1275 4570; x_wconf 70' lang='lat' dir='ltr'><strong><em>oriundus</em></strong></span> 
     </span>
     <span class='ocr_line' id='line_1_39' title="bbox 43 4601 1275 4680; baseline -0.006 -16"><span class='ocrx_word' id='word_1_422' title='bbox 43 4603 455 4680; x_wconf 84' lang='lat' dir='ltr'><strong><em>parentibussecundumseculi</em></strong></span> <span class='ocrx_word' id='word_1_423' title='bbox 473 4601 632 4669; x_wconf 79' lang='lat' dir='ltr'><strong><em>dignitatem</em></strong></span> <span class='ocrx_word' id='word_1_424' title='bbox 646 4601 872 4670; x_wconf 84' lang='lat' dir='ltr'><strong><em>splendidissimis</em></strong></span> <span class='ocrx_word' id='word_1_425' title='bbox 886 4607 1052 4669; x_wconf 88' lang='lat' dir='ltr'><strong><em>procreatus,</em></strong></span> <span class='ocrx_word' id='word_1_426' title='bbox 1070 4602 1197 4655; x_wconf 75' lang='lat' dir='ltr'><strong><em>Biturica</em></strong></span> <span class='ocrx_word' id='word_1_427' title='bbox 1214 4603 1275 4656; x_wconf 88' lang='lat' dir='ltr'><strong><em>urbi</em></strong></span> 
     </span>
     <span class='ocr_line' id='line_1_40' title="bbox 44 4699 1276 4771; baseline -0.007 -7"><span class='ocrx_word' id='word_1_428' title='bbox 44 4710 127 4763; x_wconf 80' lang='lat' dir='ltr'><strong><em>irDeo</em></strong></span> <span class='ocrx_word' id='word_1_429' title='bbox 137 4705 290 4760; x_wconf 89' lang='lat' dir='ltr'><strong><em>destinatus</em></strong></span> <span class='ocrx_word' id='word_1_430' title='bbox 297 4708 338 4756; x_wconf 89' lang='lat' dir='ltr'><strong><em>est</em></strong></span> <span class='ocrx_word' id='word_1_431' title='bbox 348 4707 440 4770; x_wconf 86' lang='lat' dir='ltr'><strong><em>pastor</em></strong></span> <span class='ocrx_word' id='word_1_432' title='bbox 449 4700 579 4771; x_wconf 75' lang='lat' dir='ltr'><strong><em>egregius.</em></strong></span> <span class='ocrx_word' id='word_1_433' title='bbox 589 4700 640 4752; x_wconf 90' lang='lat' dir='ltr'><strong><em>Hic</em></strong></span> <span class='ocrx_word' id='word_1_434' title='bbox 650 4700 677 4752; x_wconf 92' lang='lat' dir='ltr'><strong><em>in</em></strong></span> <span class='ocrx_word' id='word_1_435' title='bbox 687 4699 822 4768; x_wconf 82' lang='lat' dir='ltr'><strong><em>prioribus</em></strong></span> <span class='ocrx_word' id='word_1_436' title='bbox 832 4700 911 4752; x_wconf 86' lang='lat' dir='ltr'><strong><em>annis</em></strong></span> <span class='ocrx_word' id='word_1_437' title='bbox 921 4718 937 4752; x_wconf 88' lang='lat' dir='ltr'><strong><em>a</em></strong></span> <span class='ocrx_word' id='word_1_438' title='bbox 946 4701 1105 4767; x_wconf 89' lang='lat' dir='ltr'><strong><em>parentibus</em></strong></span> <span class='ocrx_word' id='word_1_439' title='bbox 1114 4700 1276 4755; x_wconf 87' lang='lat' dir='ltr'><strong><em>litteralibus</em></strong></span> 
     </span>
    </p>
   </div>
   <div class='ocr_carea' id='block_1_5' title="bbox 0 0 1589 5392">
    <p class='ocr_par' dir='ltr' id='par_1_10' title="bbox 0 0 1589 5392">
     <span class='ocr_line' id='line_1_41' title="bbox 0 0 1589 5392; baseline 0 0"><span class='ocrx_word' id='word_1_440' title='bbox 0 0 1589 5392; x_wconf 95' lang='lat' dir='ltr'><strong><em> </em></strong></span> 
     </span>
    </p>
   </div>
  </div>
 </body>
</html>
