3142 5392
197 260 269 333 512
532 282 657 332 CATAL.
684 282 788 333 CODD.
814 281 1095 334 Haolounarnlc.

198 474 254 523 tem
277 469 329 523 sibi
347 469 597 524 communicantem
616 469 733 524 letaliter
752 470 898 533 inficiebat
918 472 1113 525 adversantem
1138 471 1277 525 crudeliter
1293 476 1386 528 reralat

197 568 287 636 liujus
303 567 474 622 Trevirensis
484 568 577 621 Severi
589 572 664 636 gesta
681 569 798 623 necdum
806 569 868 638 legi,
880 573 906 623 et
916 586 951 622 an
964 569 1065 638 scripta
1076 570 1134 623 sint
1146 571 1253 637 ignoro;
1263 572 1313 623 scio
1321 577 1388 627 unco

198 673 254 720 tam
264 667 354 736 ipsum
366 683 450 734 quam
463 666 629 721 Germanum
639 668 693 720 isto
701 667 812 732 Severo,
820 668 853 721 de
863 685 918 736 quo
928 667 1044 736 agimus,
1054 684 1111 721 non
1120 674 1273 737 temporum
1281 670 1391 737 attentata,

198 766 247 819 sed
256 771 365 819 aetatum
377 766 555 835 disparilitate
568 782 624 819 non
633 781 729 835 parum
737 766 860 834 juniores
870 767 962 821 fuisse.
971 768 1025 821 Sed
1035 767 1118 836 plane
1128 785 1206 823 error
1214 770 1318 838 telequi
1324 773 1392 825 artie

197 864 301 934 vulgari
318 870 558 934 rerumgestarum
578 864 711 919 relatione
729 869 777 918 aut
788 866 822 919 de
834 866 926 919 minus
943 872 1024 920 cauta
1037 884 1175 921 annorum
1188 868 1229 931 (in
1245 869 1413 937 quamnltmt

197 963 330 1017 dissident
341 963 561 1033 chronographi),
570 963 763 1033 supputatione
775 964 909 1029 oboritur,
917 965 1033 1020 venialis
1046 971 1095 1030 est,
1105 983 1169 1020 cum
1183 967 1295 1021 reralcx
1303 969 1395 1022 historie

197 1061 233 1115 sit
249 1080 257 1115 ε
274 1078 307 1115 ea
326 1079 388 1130 quae
413 1062 514 1130 passim
541 1067 685 1116 narrantur
704 1063 733 1116 in
753 1079 839 1116 unum
860 1063 974 1117 collecta
993 1066 1097 1134 scripto
1118 1067 1270 1134 posteritati
1288 1067 1395 1122 transuit·

198 1160 331 1225 tersit)...
344 1161 378 1214 Et
388 1161 447 1214 istae
458 1161 569 1229 quidem
582 1162 700 1229 suscepti
709 1161 844 1215 sermonis
856 1178 1017 1217 communes
1028 1170 1094 1218 sunt
1106 1181 1206 1220 causae.

240 1258 273 1316 7.
290 1259 375 1312 Porro
385 1258 433 1312 illa
443 1258 569 1326 specialis
581 1263 622 1311 est
631 1274 748 1321 summa,
760 1264 791 1312 nt
802 1259 959 1314 obturarem
969 1277 1001 1314 os
1009 1260 1187 1329 loquentium
1200 1263 1290 1333 iniqua
1299 1271 1323 1319 et
1332 1271 1397 1320 trans

198 1358 309 1426 ligerem
321 1357 442 1423 linguam
460 1355 638 1423 maliloquam
651 1371 746 1408 eorum
759 1356 808 1423 qui
820 1355 909 1409 virum
921 1363 1047 1411 sanctum
1061 1359 1219 1427 <lespiciunt
1231 1366 1258 1414 ct
1272 1362 1326 1429 ejus
1336 1368 1428 1430 operatt

198 1455 408 1524 reprehendunt,
419 1454 540 1507 dicentes
552 1470 607 1507 non
616 1454 708 1522 magni
720 1455 893 1523 pendendam
905 1441 1051 1509 lectionem
1063 1474 1128 1526 qua
1140 1460 1261 1512 auctoris
1269 1459 1399 1514 lideetsar-

199 1554 292 1608 ctitate
301 1569 358 1606 non
369 1552 658 1618 commendatur,dum
672 1553 817 1606 manifeste
826 1552 849 1606 is
861 1554 907 1623 qui
920 1570 982 1608 eum
996 1555 1092 1609 scribit
1105 1557 1261 1626 deceptum,
1269 1563 1400 1621 testetnqd

199 1669 280 1721 supra
297 1651 424 1715 diximus,
436 1656 464 1704 et
474 1656 636 1717 correctum,
654 1657 813 1721 asseratque
824 1652 900 1706 illum
912 1669 969 1707 non
986 1657 1193 1709 contemnenda
1210 1658 1339 1728 scripsisse
1351 1675 1399 1727 ope

199 1750 282 1815 scula,
300 1755 328 1805 et
347 1753 382 1804 ad
401 1751 552 1804 multorum
573 1750 725 1819 proiectum
738 1750 829 1804 Vitam
849 1751 923 1804 beati
940 1752 1058 1816 llartiui,
1077 1754 1164 1824 signis
1183 1760 1212 1808 et
1232 1757 1350 1825 prodip'ls
1363 1758 1399 1810 riri

199 1848 307 1918 egregii,
316 1848 503 1918 composuisse
512 1850 575 1914 (il...
1410 1860 1430 1909 a

240 1947 273 2006 8.
291 1947 343 2000 iste
355 1945 466 2015 quidem
479 1946 596 1999 Severus
607 1946 642 1998 ab
655 1945 720 1998 olim
734 1946 763 1999 in
774 1963 840 2016 pace
852 1946 974 2016 sepultus
985 1952 1038 2011 est;
1048 1951 1097 2002 sed
1107 1951 1228 2006 necdum
1241 1951 1268 2006 in
1278 1953 1400 2022 perelecta

200 2050 242 2100 est
253 2045 387 2099 memoria
405 2043 546 2112 ejusdum
564 2042 648 2095 etlam
664 2058 737 2095 nunc
754 2043 790 2096 ab
807 2043 851 2096 bis
867 2044 914 2112 qui
927 2046 1045 2100 oderunt
1056 2063 1155 2114 pacem
1168 2048 1399 2118 impugnamenta

200 2146 293 2214 aliquo
302 2144 434 2198 librorum
445 2158 515 2210 quos
527 2142 561 2195 de
571 2141 627 2195 vita
638 2141 725 2194 sancti
737 2142 858 2210 magistri
871 2143 914 2196 sui
925 2143 1022 2213 insigni
1036 2148 1201 2216 conscripsit
1216 2149 1399 2218 eloquiumulb

200 2243 324 2314 posuisse
336 2241 479 2296 mendacia
488 2239 619 2309 culpatur,
629 2240 699 2293 sicut
707 2240 732 2293 ei
742 2240 777 2293 ab
783 2257 839 2294 uno
849 2242 1001 2296 amicorum
1013 2259 1130 2298 suornm
1140 2262 1204 2299 cum
1214 2248 1248 2301 de
1256 2249 1297 2302 bis
1306 2253 1398 2317 merent.

201 2342 317 2397 relatum
330 2345 379 2404 est,
391 2340 430 2393 ita
442 2340 549 2392 dicente
561 2357 567 2390 :
580 2339 687 2391 Horres
696 2341 785 2392 dicere
794 2342 865 2407 quod
876 2358 963 2409 nuper
974 2344 1078 2407 audiet,
1086 2346 1223 2410 infelicem
1232 2348 1428 2399 animract!

106 2455 110 2460 ·
201 2458 287 2510 quem,
298 2443 360 2494 teia
371 2442 417 2492 illo
427 2440 498 2492 libro
512 2446 558 2490 tuo
567 2439 653 2504 plura
664 2441 811 2490 mentitum.
820 2438 934 2508 Propter
944 2439 1105 2509 hujusmodi
1115 2443 1261 2498 verborum
1268 2445 1399 2513 jaculaque

201 2542 237 2594 ab
246 2540 406 2594 hominibus
417 2536 519 2605 iniquis
530 2535 558 2589 in
571 2552 633 2588 curn
646 2534 779 2589 fallaciter
790 2536 990 2606 intorquentur,
1001 2556 1074 2593 curae
1087 2542 1158 2595 mibi
1171 2543 1225 2597 fuit
1232 2560 1285 2597 non
1298 2549 1398 2598 extreme

203 2639 256 2708 [i]d
267 2639 343 2708 quod
354 2637 382 2691 in
391 2653 424 2690 eo
434 2634 648 2705 reprehensibile
656 2633 801 2688 videbatur
809 2636 897 2705 primo
909 2637 1029 2706 positum
1040 2655 1189 2705 excusam
1201 2643 1303 2706 deinde,
1311 2643 1398 2712 proteu

202 2744 231 2792 et
241 2737 417 2791 manifestata
429 2736 488 2804 eJ'us
500 2733 633 2802 condigna
645 2733 839 2799 satisfactione,
859 2735 1049 2791 criminatores
1070 2739 1165 2808 ipsius,
1186 2741 1233 2810 qui
1252 2742 1337 2796 dicunt
1353 2756 1397 2795 eun

202 2836 271 2890 falsa
282 2836 420 2905 scripsisse
429 2834 474 2888 vel
485 2833 575 2897 dubia,
585 2831 708 2886 refellere
717 2834 778 2899 (3)...
1406 2838 1428 2887 β

242 2934 276 2993 9.
293 2934 434 3004 Perpende
449 2933 515 3000 jam,
533 2945 634 2999 quaeso,
646 2928 744 2983 saltem
756 2932 932 2997 ammonitus,
944 2933 1032 2988 fidelis
1045 2939 1072 2988 et
1081 2935 1211 2990 benivole
1223 2953 1309 2991 rerum
1319 2952 1398 2995 censs.

201 3039 304 3104 quanta
316 3033 344 3086 in
353 3030 460 3100 scriptis
469 3026 563 3082 Severi
576 3025 703 3080 habenda
713 3026 748 3080 sit
758 3027 835 3092 fides,
844 3033 1000 3098 quantaque
1017 3032 1181 3086 aestimanda
1198 3035 1341 3088 constantia
1351 3032 1399 3086 rer'r

202 3134 278 3195 tatis3
288 3136 510 3202 quantaquoque
527 3124 714 3190 sanctissimis,
723 3142 785 3193 quae
796 3128 956 3197 conscripsit
968 3129 1135 3194 ille‚liartini
1153 3133 1280 3202 operibus
1296 3134 1400 3187 debeatur

165 3260 178 3283 a
202 3227 355 3284 reverentia
365 3225 558 3281 venerationis.
570 3220 726 3292 Explicit
738 3223 830 3283 liber
843 3225 989 3297 primus.

245 3323 301 3381 10.
325 3320 456 3391 Incipit
476 3321 666 3379 secundus,
689 3324 825 3377 Putabam
843 3341 888 3378 me
906 3326 1028 3389 tandem,
1039 3326 1112 3380 sicut
1128 3344 1162 3382 ex
1181 3328 1269 3382 verbis
1280 3327 1399 3398 superioris
1409 3328 1430 3379 o

202 3423 270 3477 tomi
282 3427 401 3492 apparet,
414 3423 449 3475 ad
466 3426 570 3475 metam
583 3421 735 3475 excurrisse
747 3426 774 3475 et
785 3421 868 3475 linem
878 3422 974 3476 fecisse
987 3423 1110 3488 dicendl;
1122 3426 1263 3495 sanctique
1274 3426 1320 3480 viri
1331 3422 1401 3479 Severi

202 3522 302 3576 erroris
311 3520 413 3574 incauti
425 3521 503 3589 lapsu
516 3527 543 3574 et
555 3520 688 3590 exemplis
697 3525 725 3574 et
737 3520 851 3581 ratione.
860 3526 941 3590 prout
950 3522 1066 3576 facultas
1078 3524 1148 3588 tulit,
1158 3531 1294 3588 excusato,
1303 3525 1401 3595 imnnet

202 3621 334 3689 opuscula
343 3621 403 3688 ejus
415 3625 511 3673 contra
522 3620 637 3673 aemulos
649 3624 676 3673 et
695 3620 862 3673 detractores
874 3621 940 3674 satis
952 3621 1108 3677 defendisse
1125 3623 1278 3678 arbitrabar
1288 3644 1294 3678 :
1304 3624 1345 3677 sed
1355 3637 1402 3675 eece

202 3719 303 3781 stilum,
315 3734 396 3786 quem
410 3734 565 3786 posueram,
578 3734 716 3770 resumere
728 3717 868 3786 compellit
879 3734 912 3770 ex
925 3723 1081 3773 transverso
1100 3721 1214 3775 veniens
1230 3738 1314 3775 novus
1330 3720 1402 3774 adrer-

202 3820 304 3880 sarius;
318 3817 528 3884 instauransque
538 3822 677 3870 certamen
691 3816 774 3869 instat
783 3818 936 3871 etintendit
945 3834 1039 3871 arcum
1048 3824 1184 3888 paratque
1199 3821 1313 3890 sagittas,
1327 3818 1432 3889 quibustt

203 3934 259 3971 riou
276 3918 366 3970 solum
384 3933 437 3977 me,
450 3916 498 3968 sed
511 3921 538 3969 et
555 3920 644 3969 rectos
661 3915 751 3979 corde,
769 3916 899 3970 Severum
921 3917 1048 3971 videlicet
1060 3923 1087 3971 et
1106 3918 1261 3981 iiartinum,
1277 3917 1403 3988 sagittetis

236 4130 274 4194 (1)
287 4129 353 4182 lnde
371 4135 467 4182 auctor
484 4128 530 4181 fol.
548 4130 577 4181 ὃν
595 4144 644 4196 per
662 4128 712 4182 col.
731 4128 874 4182 dimidiam
898 4131 981 4183 refert
997 4147 1026 4184 se
1045 4131 1108 4185 ideo
1128 4134 1197 4188 “tot
1213 4134 1404 4189 anctoritateset

204 4211 329 4279 exempla
341 4253 351 4275 „
371 4211 525 4278 protulisse,
537 4216 568 4264 ut
580 4227 676 4264 omnes
688 4228 796 4280 semper
807 4218 888 4266 caute
897 4229 988 4266 coram
1001 4214 1059 4266 Deo
1070 4215 1222 4270 ambulent.
1233 4249 1265 4257 —
1276 4218 1311 4281 (9)
1322 4212 1404 4269 Erolrit

205 4295 250 4346 fol.
262 4296 289 4345 (p
301 4292 669 4361 percol.‚l1ancseutentiam
681 4314 687 4346 :
698 4294 951 4358 obtrectationibus,
960 4296 1060 4364 quibus
1070 4313 1169 4351 omnes
1177 4304 1241 4352 sunt
1249 4298 1357 4355 obnoxii,
1363 4309 1404 4349 uon

204 4393 263 4429 esse
273 4376 478 4428 attendendum.
490 4405 521 4412 -
534 4376 568 4442 13)
582 4376 633 4429 Per
645 4376 789 4429 columnas
799 4382 854 4429 tres
866 4377 922 4442 (fol.
934 4377 1013 4442 (pqr)
1030 4380 1131 4447 probat
1148 4380 1231 4434 fidem
1247 4378 1404 4434 adhibendam

204 4475 263 4511 esse
275 4458 389 4526 Suipitio
400 4458 433 4510 dc
443 4458 558 4511 llartino
570 4459 702 4523 narranti,
720 4464 748 4511 et
765 4460 845 4512 affort
863 4459 890 4512 in
907 4459 998 4528 specie
1015 4477 1050 4513 ex
1066 4461 1184 4530 Dialogo
1196 4462 1404 4516 lsshunelocm:

206 4544 294 4594 Miror
306 4549 419 4593 autem...
430 4539 536 4608 (bigne,
545 4540 574 4594 P.
584 4541 622 4602 L.‚
634 4545 701 4594 tom.
710 4540 767 4607 XX,
776 4559 801 4610 p.
813 4541 870 4604 tlt,
882 4543 939 4606 215,
951 4559 1026 4596 num.
1038 4545 1074 4609 v),
1085 4545 1277 4613 concluditque
1284 4545 1335 4598 fere
1344 4543 1404 4596 ntes

204 4624 275 4691 apud
287 4623 383 4691 iligna,
396 4628 461 4675 tom.
475 4623 527 4687 cit,
540 4622 679 4676 invitas.
692 4622 800 4677 llartini
813 4623 848 4692 (p.
861 4625 915 4688 176,
927 4641 1003 4680 num.
1014 4627 1047 4680 27
1059 4627 1147 4694 extr).
