3142 5392
323 289 395 365 572
659 315 787 367 carru.
813 315 919 370 conu.
942 315 1225 371 aaarouaarruc.

323 500 430 566 curetis,
441 502 595 557 nescientes
613 510 642 559 et
653 503 751 571 inviti),
768 505 911 574 purgando
923 521 980 570 vos,
993 505 1155 575 abstergunt
1167 507 1339 563 offensiones
1356 510 1521 578 :sioqaeitat

323 600 426 668 quibus
434 599 472 654 illi
480 602 555 669 justo
565 602 669 670 judicio
677 603 805 673 ligantur,
810 619 860 658 ros
870 608 1071 674 apeccatorum
1080 606 1199 663 rincuhs
1208 607 1403 663 absolvamini
1410 608 1522 679 Propteer

323 698 522 777 sialiquasfflt
534 701 599 766 dixi,
616 703 652 756 ab
664 702 767 772 iniquis
787 707 814 757 et
833 702 944 758 discolis
963 704 1073 774 regibus
1090 705 1219 774 patimini
1240 706 1366 773 injurias,
1382 707 1449 777 (quie
1464 710 1524 763 Neue

324 801 443 853 mundus
454 817 472 853 a
483 802 576 866 sorde)
594 807 753 871 reputantes
764 818 782 855 a
792 801 851 856 Deo
859 801 1019 868 examinari,
1028 809 1168 872 gratanter
1176 810 1208 860 ut
1220 805 1362 874 sapientes
1372 805 1418 862 lilii
1428 807 1525 877 mutiat

325 895 525 966 increpationes
546 900 639 968 patris,
651 915 686 954 ne
704 900 941 954 murmurantibus
957 899 1121 969 indignetur,
1137 902 1195 966 sed,
1208 902 1238 956 in
1254 903 1333 957 omni
1354 918 1438 958 rerum
1452 910 1544 964 ereoht

324 994 483 1063 gaudentes,
496 1013 546 1051 vos
555 997 713 1052 consoletur
724 1003 752 1052 et
762 998 842 1068 quasi
853 999 882 1052 iu
893 998 957 1053 filiis
968 999 1185 1068 obsequentibus
1196 1000 1252 1054 sibi
1264 1001 1438 1072 complaceat
1448 1002 1527 1057 hrodin

327 1109 391 1163 ergo
440 1094 539 1149 stultos
550 1096 640 1165 perdit
686 1096 803 1151 fidentes
815 1102 896 1151 erunt
907 1097 935 1151 in
947 1114 1020 1153 eum.

370 1192 428 1248 11.
447 1191 505 1256 llis,
515 1199 546 1245 ut
560 1208 649 1261 spero,
661 1209 718 1247 non
729 1193 871 1258 inutiliter,
882 1193 946 1248 licet
957 1211 1005 1265 per
1016 1195 1168 1264 digressum
1180 1196 1274 1262 dictis,
1283 1198 1344 1266 iarn
1361 1213 1431 1251 nuuc
1442 1198 1471 1252 ad
1484 1214 1528 1267 pc·

325 1289 446 1360 positum
457 1290 609 1343 redeamus.
620 1289 713 1359 Igitur,
720 1306 755 1345 ua
763 1291 798 1345 de
808 1291 862 1345 ilde
871 1307 966 1346 eorum
976 1308 1039 1361 quar
1048 1297 1142 1346 sancta
1152 1293 1309 1362 paternitas
1318 1300 1410 1348 rastra
1417 1294 1463 1349 sibi
1469 1295 1529 1349 sacili

326 1390 462 1460 pracepit,
471 1390 500 1444 in
509 1388 602 1456 aliquo
614 1388 746 1444 dubitetis
754 1395 782 1444 et
790 1407 838 1459 par
847 1390 1047 1445 dubitationem
1056 1391 1116 1460 ipsa
1123 1391 1229 1461 scripta
1237 1392 1447 1462 parvipendatis,
1454 1393 1530 1455 ruha
1539 1406 1558 1455 tt

327 1492 356 1543 et
367 1489 491 1543 intendat
503 1493 600 1542 restrae
616 1487 744 1543 discretio
765 1506 845 1554 curae,
863 1489 909 1544 ubi
926 1495 954 1561 et
970 1490 1080 1560 quaudo
1098 1491 1143 1545 uel
1159 1491 1307 1560 quomodo
1324 1508 1360 1546 ea
1377 1492 1531 1547 didicerint

327 1589 428 1657 quibus
439 1591 598 1644 auctoribus
606 1589 675 1645 milri
685 1589 785 1643 tradita
794 1589 856 1655 sint,
868 1592 897 1643 et
907 1594 963 1642 tam
974 1594 1048 1643 certo
1058 1594 1089 1643 ut
1099 1605 1156 1644 uon
1168 1589 1263 1644 solum
1274 1590 1356 1655 mihi,
1368 1591 1532 1645 sedueadre·

327 1689 452 1743 sautibus
463 1689 574 1757 quidem
586 1689 679 1758 (siqui
692 1694 808 1756 possunt
819 1691 889 1752 esse)
901 1688 1074 1742 titubationis
1091 1689 1178 1743 motio
1190 1688 1289 1759 aliqua
1300 1689 1532 1758 relinquaturhoc

328 1784 381 1839 hos
398 1800 453 1838 xxv
465 1784 553 1839 ferme
564 1800 660 1850 anuos,
672 1800 728 1839 non
745 1784 834 1837 atatis
850 1783 962 1837 lubrica
978 1784 1082 1853 impetu
1100 1800 1152 1838 nec
1168 1785 1259 1839 animi
1275 1785 1425 1856 petulantis
1439 1785 1533 1843 lascivia

327 1898 418 1952 neque
435 1882 552 1952 vagandi
573 1882 731 1937 curiositate
751 1881 877 1937 titillatus
892 1883 963 1950 (jam
982 1882 1083 1952 quippe
1100 1883 1232 1952 quintum
1249 1889 1279 1938 et
1302 1874 1561 1955 quinquagesimas

329 1998 432 2037 annum
444 1983 607 2051 exegeram),
619 1982 667 2036 sed
684 1983 791 2036 siucero
803 1981 911 2045 arentis,
928 1987 998 2036 teste
1010 1982 1186 2048 couscientia,
1199 1983 1357 2038 devotione
1367 1983 1533 2048 actusdesde

328 2082 400 2136 rium
412 2076 493 2151 longa
505 2080 637 2152 temporis
654 2081 786 2136 dilatione
797 2081 929 2136 coalitum
942 2086 969 2135 et
986 2080 1157 2136 iuoestuautis
1169 2082 1263 2136 cordis
1274 2083 1455 2152 parturitione
1464 2082 1533 2151 titur

329 2184 397 2243 tum,
409 2181 519 2234 taudem
529 2179 679 2234 auxiliante
687 2179 744 2233 Deo
755 2179 864 2247 explere
873 2179 990 2233 decrevi.
997 2180 1040 2233 Ab
1050 2178 1161 2234 ineunte
1170 2181 1248 2235 enirn
1258 2182 1380 2251 pueritia
1388 2182 1534 2236 vehemente

329 2279 423 2333 auimo
444 2279 599 2344 inheserat,
611 2283 649 2343 ut,
661 2295 723 2332 cum
742 2284 895 2349 opportune
912 2295 1030 2347 possem,
1047 2279 1173 2349 exemplo
1191 2285 1300 2334 tractus
1318 2277 1534 2350 plurimorumqri

330 2379 384 2432 hoc
395 2377 541 2431 salubriter
551 2377 680 2440 iecerunt,
692 2377 847 2446 sepulcrum
859 2377 970 2446 gloriosi
987 2383 1015 2431 et
1027 2377 1064 2446 pii
1084 2377 1254 2432 confessoris
1266 2379 1320 2433 Dei
1337 2379 1442 2434 llartini
1452 2384 1563 2448 expres

330 2493 398 2541 rem,
409 2478 616 2546 ipsumquequa
627 2476 836 2544 possemcordis
844 2475 1000 2530 humilitate
1012 2477 1180 2546 deprecarer,
1191 2478 1337 2546 quatinus,
1346 2479 1421 2547 quod
1430 2477 1535 2532 meos

331 2576 418 2640 valeo,
430 2575 515 2645 ipsius
527 2579 554 2628 at
562 2575 688 2644 precibus
700 2575 866 2629 etmeritisa
878 2575 935 2629 Deo
948 2575 1016 2629 milri
1027 2576 1137 2629 ueniam
1152 2581 1298 2631 erratuum
1312 2583 1341 2631 et
1350 2577 1479 2645 justarum
1488 2574 1535 2644 pell

331 2673 437 2728 tionum
446 2674 575 2728 effectum
583 2673 745 2727 obtinerem.
755 2673 809 2727 lter
820 2673 873 2726 hoc
883 2673 1016 2727 hactenus
1027 2673 1136 2742 aggredi
1149 2673 1368 2741 distuleramus
1381 2674 1408 2728 id
1420 2674 1454 2728 ab
1463 2671 1536 2741 aliqui

331 2774 383 2828 bus
395 2774 492 2828 levitas
508 2773 699 2827 adolescentia
716 2778 744 2826 et
759 2773 911 2840 juventutis
931 2774 1083 2841 (quaerana
1094 2773 1121 2826 in
1135 2773 1261 2843 pluribus
1279 2778 1406 2844 apparet)
1415 2778 1535 2844 putaretur.

331 2873 414 2927 anun
429 2879 520 2927 autem
533 2889 606 2927 nunc
624 2873 736 2926 demum
748 2873 776 2926 in
794 2873 999 2942 opportunitate
1010 2873 1062 2941 pire
1074 2873 1209 2926 voluntati
1226 2873 1392 2928 favorabilis
1409 2873 1454 2928 bei
1468 2877 1567 2932 nuta!

332 2971 488 3026 facultatem
499 2972 646 3040 plurimam
659 2971 687 3026 in
699 2971 853 3040 sumptibus
865 2972 969 3026 itineris
978 2971 1138 3026 necessariis
1146 2973 1327 3035 conserendo,
1336 2973 1537 3040 licentiamqueet

332 3072 436 3126 litteras
448 3071 690 3125 commendaticias
702 3087 757 3125 non
769 3070 858 3125 solum
868 3071 977 3125 abbatis
985 3073 1048 3132 mei,
1057 3072 1106 3125 sed
1115 3077 1142 3125 et
1152 3071 1248 3125 domni
1258 3071 1389 3142 Philippi,
1397 3069 1538 3127 eclanensis

332 3170 538 3239 archiepiscopi,
556 3170 733 3237 providendo,
745 3169 869 3223 solamen
881 3170 1012 3225 comitum
1031 3170 1100 3224 mihi
1118 3170 1337 3225 ministrantium
1356 3168 1538 3234 adhibendaia

244 3337 247 3343 1
332 3272 430 3326 itinere
442 3287 561 3340 quoque,
573 3269 649 3324 omni
661 3270 827 3325 arlversitate
838 3270 976 3340 propulsa,
989 3275 1086 3324 cuncta
1097 3269 1161 3324 lacta
1172 3276 1200 3324 et
1212 3273 1365 3326 commoda
1376 3273 1435 3327 sine
1444 3272 1539 3337 inem

332 3370 434 3424 latione
446 3369 481 3422 ad
494 3374 559 3423 vota
568 3369 668 3436 jugiter
677 3370 920 3423 subministrando.
933 3368 985 3436 Qui
998 3370 1089 3434 etiam,
1101 3369 1205 3423 scilicet
1218 3371 1449 3441 archiepiscopus,
1459 3368 1569 3423 dirachii

333 3485 434 3537 perure
445 3467 560 3536 eleganti
573 3467 697 3536 epistola,
703 3444 834 3536 'quadam
845 3467 879 3520 de
887 3468 950 3537 ipso
962 3469 1076 3537 praesule
1085 3468 1259 3522 sanctissimo
1271 3470 1428 3540 magnifica,
1438 3480 1540 3538 quamn

333 3584 366 3620 ex
379 3567 504 3633 lectione,
515 3566 564 3620 sed
574 3582 607 3619 ex
619 3567 694 3620 tama
707 3571 813 3620 tantum
826 3572 998 3636 compererat
1010 3573 1037 3620 et
1049 3567 1111 3620 ideo
1124 3567 1246 3621 incertus
1258 3574 1328 3631 erat,
1340 3569 1462 3624 sollerter
1470 3563 1540 3620 schri-

333 3669 407 3718 tatus
418 3669 467 3717 est
486 3664 535 3718 Cui
548 3671 574 3718 et
592 3664 797 3734 diligentissime
812 3665 900 3718 tribus
912 3664 1112 3719 honestissimis
1123 3665 1248 3734 epistolis
1257 3667 1431 3720 satisfactum
1442 3670 1541 3719 estzunr

334 3763 369 3816 ab
388 3764 489 3817 abbate
500 3763 610 3831 Majoris
622 3764 786 3827 hlonasterii,
796 3763 905 3818 duabus
916 3782 933 3817 a
950 3765 1090 3819 canonicis
1102 3764 1189 3818 Castri
1208 3765 1288 3831 Nori,
1302 3766 1351 3820 ubi
1362 3780 1471 3835 corpore
1480 3752 1546 3816 tenu

333 3862 406 3916 idenr
419 3864 593 3917 venerandus
605 3863 652 3916 Dei
665 3864 806 3917 confessor
817 3864 971 3933 requiescit.
990 3864 1064 3931 Quas
1082 3864 1164 3917 ctiam
1183 3864 1301 3927 (scilicet
1318 3865 1458 3935 epistolas)
1472 3861 1542 3916 adbuc
1561 3873 1567 3896 2

334 3976 418 4029 penes
430 3977 475 4015 me
486 3961 577 4015 habeo
589 3967 616 4015 et
628 3962 730 4016 babere
743 3962 900 4017 volentibus
912 3963 1040 4032 legendas
1051 3979 1100 4017 seu
1112 3964 1338 4018 transcribendas
1348 3965 1384 4018 ad
1396 3963 1495 4018 laudern
1506 3958 1543 4013 liei

334 4062 362 4111 et
370 4057 485 4126 gloriam
498 4058 584 4112 sancti
598 4059 734 4128 pontificis
746 4060 881 4115 custodio.

380 4153 436 4210 12.
456 4155 627 4224 Cumitaque
634 4173 667 4210 ea
678 4173 733 4225 qua
741 4158 854 4224 praedixi
862 4157 1017 4212 devotionis
1027 4156 1176 4210 intentione
1183 4156 1544 4228 Tauronisperaccessisru.

336 4254 411 4321 prius
423 4253 457 4306 ad
469 4252 610 4305 abbatiam
623 4253 732 4321 hlajoris
747 4253 912 4317 blonasten'i,
929 4271 1012 4323 quam
1025 4255 1172 4308 virbeatus
1183 4254 1277 4308 adhuc
1290 4255 1395 4324 degens
1406 4257 1433 4310 in
1444 4265 1544 4321 corpora

336 4369 392 4407 non
403 4351 484 4421 longe
496 4357 573 4405 extra
589 4350 728 4405 civitatem
741 4354 776 4407 ad
789 4353 948 4407 orientalem
962 4354 1070 4423 plagam
1083 4353 1217 4413 fundavit,
1235 4354 1347 4418 diverti,
1359 4371 1394 4409 eo
1406 4359 1469 4409 roto
1478 4349 1545 4421 quau

336 4468 388 4505 nus
406 4450 442 4503 ibi
455 4449 626 4503 orationihus
643 4456 670 4503 et
680 4450 791 4518 jejuniis
808 4451 1009 4520 aliquantulum
1023 4468 1132 4516 vacans,
1144 4451 1240 4521 purior
1257 4457 1286 4505 et
1304 4452 1398 4506 notior
1414 4448 1545 4521 sepulcrm

336 4551 396 4618 ejus
415 4549 443 4603 iu
460 4549 556 4603 Castro
576 4548 654 4602 Novo
674 4550 757 4603 situm
779 4550 933 4604 inviserem.
951 4550 1012 4618 Quo
1029 4550 1141 4618 quidem
1159 4555 1296 4618 tempore,
1314 4551 1384 4605 satis
1400 4548 1487 4605 mirari
1504 4559 1545 4599 Μ

337 4663 457 4714 possum,
475 4653 502 4700 et
524 4647 566 4701 rix
588 4648 715 4717 cuiquam
737 4648 867 4702 credibile
888 4653 937 4709 est,
955 4648 1065 4717 cognita
1083 4663 1116 4701 ex
1132 4646 1231 4701 litteris
1244 4664 1330 4703 causa
1342 4643 1546 4718 peregrinationis
