3142 5392
295 121 388 172 msa.
406 119 487 171 nuo.
505 117 676 170 snorum.
695 139 742 148 -
761 118 906 169 urrann.
926 119 972 168 nn
990 119 1069 169 oon.
1088 109 1126 168 n⁰
1144 115 1267 169 raso-ro.
1323 97 1395 168 409

155 311 338 375 mulierculae
347 311 453 365 calceos
462 316 490 364 et
499 309 639 364 camisiam
648 315 730 378 utque
739 309 891 362 sorcocium
902 310 911 342 ¹
922 308 1084 372 tradidisset,
1097 309 1141 362 illa
1154 309 1236 363 nimis
1247 310 1397 363 exhilarata

160 416 312 473 interram
330 410 406 464 velut
421 411 478 477 jam
496 409 630 463 moritura
647 425 702 477 prae
713 408 812 477 gaudio
828 410 891 474 ruit,
906 407 1028 461 olamans
1039 424 1179 475 uunquam
1195 425 1224 461 se
1239 409 1293 461 tale
1304 408 1332 461 iu
1345 410 1398 461 hoo
1497 409 1500 413 ’

161 508 277 571 mundo
287 509 417 577 gaudium
429 513 569 576 expertam
582 509 594 542 ²
605 508 697 561 tuisse.
709 508 787 561 Unde
800 512 892 560 tamen
901 511 995 559 sancta
1006 507 1055 559 Dei
1068 506 1163 569 doluit,
1175 507 1274 560 timens
1286 524 1314 560 se
1327 524 1397 561 mor·

166 613 208 669 tis
222 606 294 662 illius
309 609 481 662 occasionem
498 608 612 661 dedisse.
625 608 657 660 ln
673 607 755 661 Coena
766 605 877 659 Domini
894 622 1001 674 semper
1017 606 1140 659 solemne
1157 607 1316 660 mandatum
1335 607 1399 660 fecit

147 706 343 783 rpuperihus.
360 707 392 759 ln
412 707 532 775 quadam
551 712 641 759 autem
665 705 746 758 Cena
759 705 868 758 Domini
881 705 988 773 collegit
999 705 1102 758 multos
1120 705 1249 773 leprosos,
1267 706 1350 773 pedes
1366 723 1397 759 ac

171 820 272 863 manus
282 821 376 858 eorum
390 805 499 867 lavans3
518 810 601 873 atque
619 805 677 872 ipsa
694 804 755 856 loca
773 803 916 856 horribilia
934 809 961 855 et
978 803 1064 871 magis
1080 803 1204 857 ulcerosa
1222 803 1398 857 devotissime

175 903 389 961 deosculabatur.
398 903 452 956 Nec
462 903 522 972 plus
531 903 662 956 horrebat
674 902 799 955 sordidos
816 919 898 971 quam
911 918 1007 964 sanos;
1019 901 1066 954 sed
1079 902 1172 954 multis
1184 918 1231 955 eos
1243 902 1399 971 frequenter

177 1001 404 1058 consolationibus
416 1003 451 1056 ad
463 1002 622 1071 patientiam
635 1001 809 1070 provocabat.

221 1097 274 1156 Μ
295 1102 428 1153 Praeterea
440 1100 556 1153 vestium
575 1099 789 1168 superfluitatem
809 1097 925 1160 vitabat;
942 1115 958 1151 a
975 1098 1063 1166 longis
1075 1105 1102 1152 et
1114 1099 1239 1166 pretiosis
1250 1117 1279 1152 se
1292 1101 1399 1168 penitus

147 1197 323 1266 Delougabat
335 1196 509 1250 Secularibus
527 1196 660 1249 matronis
676 1196 710 1248 ad
727 1212 756 1248 se
775 1195 947 1248 venientibus
963 1196 1041 1263 quasi
1059 1197 1290 1264 p1·aedicans,cum
1308 1195 1347 1248 eis
1365 1197 1399 1248 de

185 1296 411 1359 nantonense
424 1312 474 1348 nec
486 1296 620 1348 sustinere
638 1300 745 1363 poterat
762 1299 792 1348 ut
808 1295 906 1363 aliquis
923 1295 951 1348 in
968 1295 1112 1363 prasentia
1128 1312 1177 1348 sua
1195 1312 1266 1348 vana
1278 1301 1305 1348 et
1315 1296 1399 1348 intru-

188 1401 272 1451 etuosa
281 1396 362 1448 verba
379 1394 546 1462 loqueretur,
564 1394 731 1463 Frequenter
743 1410 853 1462 precum
866 1395 997 1447 instantia
1014 1395 1181 1462 astringebat
1192 1398 1256 1447 voto
1270 1394 1303 1446 ad
1316 1395 1399 1447 absti-

190 1493 294 1547 nendum
309 1493 405 1547 saltem
418 1494 454 1547 ab
474 1494 565 1562 aliquo
583 1510 639 1547 uno
657 1500 777 1562 peccato,
789 1493 812 1546 si
831 1494 864 1546 ad
883 1494 960 1562 plura
974 1493 1084 1546 vitanda
1095 1493 1230 1547 seculares
1242 1510 1297 1546 nou
1309 1494 1399 1561 potuit

147 1660 149 1665 Ι
192 1591 309 1646 iuducere.
319 1598 416 1661 utpote
428 1593 463 1646 de
474 1592 581 1646 choreis
592 1598 620 1645 et
631 1592 747 1645 manicis
759 1591 840 1645 nimis
848 1592 956 1655 strictis
967 1599 1016 1646 aut
1027 1592 1120 1646 sericis
1132 1593 1206 1646 zonis
1218 1593 1337 1646 crinibus
1348 1609 1398 1660 pro

147 1678 182 1745 ’11
193 1696 275 1744 ornatu
283 1692 424 1760 implicitis.
434 1691 549 1759 aliisque
561 1691 793 1760 superfluitatibus
805 1691 930 1745 vitandis.
939 1692 1084 1760 Aliquibus
1093 1692 1176 1744 etiam
1186 1692 1260 1745 misit
1270 1692 1396 1745 decentes

195 1790 291 1851 veebum
307 1792 436 1845 manicas.
455 1792 529 1859 Quas
547 1797 574 1845 et
591 1791 698 1844 induxit
715 1793 749 1844 ad
767 1796 863 1844 votum
881 1792 1055 1845 continentiae
1068 1796 1130 1859 post
1149 1792 1266 1859 primam
1279 1790 1396 1859 conjugii

195 1886 434 1943 miabsolutionem.
446 1889 522 1943 Nunc
534 1906 598 1959 ergo
610 1895 712 1958 quanta
724 1891 833 1955 virtute,
846 1896 907 1958 post
924 1896 1046 1958 apertam
1064 1890 1139 1958 regni
1157 1890 1273 1943 coelestis
1282 1890 1395 1956 januam

147 2034 155 2059 ,
197 1982 381 2056 inbaptismate‚
394 2007 411 2042 a
421 1989 509 2057 gratia
527 1989 575 2042 Dei
593 1996 687 2042 sancta
705 1989 754 2042 Dei
772 1989 973 2049 instituebatur,
984 2005 1045 2057 quae
1057 1989 1108 2041 suh
1123 1989 1189 2056 jugo
1206 1989 1324 2042 maritali
1336 2005 1396 2056 per-

147 2134 150 2145 ,
197 2080 259 2138 tecto
267 2088 381 2141 caritmis
392 2104 477 2156 opera
489 2088 516 2141 in
530 2093 605 2140 tanta
615 2088 770 2141 humilitate
783 2088 947 2156 perficiebat.
958 2088 992 2139 ad
1005 2093 1095 2140 cetera
1107 2087 1292 2155 procedentes,
1304 2087 1396 2155 paucis

147 2170 242 2265 {lbra
252 2186 369 2255 exemplis
382 2186 534 2239 ostendisse
547 2187 671 2239 sufficiat.

416 2382 631 2461 [capitulum
653 2382 729 2461 Ν]
755 2389 805 2445 De
831 2386 1034 2444 ohedientia
1059 2386 1147 2455 etus.

232 2585 277 2646 25.
289 2593 411 2647 ascensis
421 2594 512 2662 itaque
522 2594 629 2647 duobus
638 2594 831 2663 principalibus
839 2595 1017 2649 sacramentis
1024 2595 1123 2648 Christi
1132 2595 1250 2659 alumna,
1258 2594 1396 2661 baptismo

147 2662 150 2701 ἶ
204 2683 299 2743 ridehcet
309 2697 335 2744 et
346 2691 481 2759 conjugia
497 2692 603 2745 addidit
620 2692 701 2744 Pater
718 2691 835 2744 coelestis
851 2692 936 2744 filiam
955 2709 1034 2746 suam
1051 2693 1203 2761 potioribus
1215 2693 1305 2746 adhuc
1316 2694 1396 2747 ador·

204 2795 253 2839 tare
266 2790 411 2843 monilibus.
430 2789 508 2855 Nam,
529 2807 592 2843 cum
613 2792 641 2844 iu
659 2791 750 2859 quiete
771 2791 989 2844 mansuetudinis
1008 2793 1059 2845 sub
1080 2793 1177 2846 umbra
1197 2792 1393 2846 desideriorum

147 2876 194 2937 tta
204 2881 321 2941 alanum
331 2889 458 2958 primitiis
473 2889 581 2958 hugum
594 2905 704 2942 suarum
720 2906 781 2942 cum
795 2889 937 2942 dulcedine
949 2896 977 2944 et
988 2891 1136 2959 gratiarum
1149 2892 1256 2945 actione
1274 2893 1395 2944 reticere·

205 2980 242 3042 itt,
251 2988 360 3053 apposuit
371 2987 430 3040 Rex
440 2987 570 3041 coelorum
581 2989 700 3041 suturam
719 2988 848 3041 heredem
861 3005 939 3042 suam
953 2989 1124 3043 introducere
1144 2992 1154 3014 “
1170 2991 1198 3044 in
1210 2990 1307 3068 cellam
1320 2990 1395 3043 vina·
1434 3028 1436 3037 v

147 3116 152 3173 -Ι
204 3074 279 3147 fitur„
292 3090 320 3138 ut
333 3087 472 3140 ordinaret
483 3087 511 3139 iu
526 3104 559 3140 ea
574 3089 725 3151 caritatem,
738 3092 765 3140 et
776 3088 854 3140 fieret
867 3088 925 3157 ipsa
936 3089 1111 3157 progrediens
1130 3090 1265 3158 “pulchra
1277 3095 1307 3142 ut
1322 3089 1394 3149 luna,

147 3176 151 3261 J
204 3172 269 3231 electa
278 3188 304 3236 ut
313 3185 359 3249 sol,
370 3185 500 3239 terribilis
517 3190 547 3237 ut
564 3191 717 3239 castrorum
735 3186 807 3238 acies
823 3186 956 3240 ordinata.
973 3229 984 3251 „
1003 3187 1046 3241 ,th
1063 3189 1141 3241 initio
1159 3188 1280 3241 infantiae
1292 3205 1348 3241 suae
1366 3188 1394 3241 in

147 3278 153 3311 ·'
204 3286 342 3338 numento
351 3285 480 3355 baptismi
490 3302 537 3354 per
545 3285 684 3339 lavacrum
696 3287 908 3354 regenerationis
917 3287 1011 3340 sordes
1020 3289 1079 3354 ejus
1088 3288 1146 3340 Rex
1156 3287 1272 3341 caelestis
1280 3288 1395 3342 abluens

147 3396 155 3431 ς·
166 3368 335 3452 &manne
350 3387 426 3454 regni
442 3384 559 3438 coelestis
572 3385 596 3439 ei
609 3385 741 3450 aperiens,
755 3390 858 3439 vestem
872 3385 1034 3439 innocentiae
1045 3388 1190 3440 candidam
1202 3388 1303 3441 nudam
1314 3388 1395 3441 vesti·

147 3486 150 3497 ¹
204 3466 234 3521 rit
244 3479 267 3527 et
279 3480 477 3538 christianitatis
488 3483 568 3536 titulo
586 3483 614 3536 in
626 3483 709 3537 liliam
723 3484 776 3538 sihi
787 3485 929 3552 adoptavit
940 3485 959 3537 ⁸.
977 3486 1010 3538 Et
1021 3485 1087 3554 quid
1100 3486 1165 3539 illa?
1177 3487 1285 3540 Vestem
1300 3489 1394 3556 utique

147 3574 149 3585 '
204 3562 332 3637 maenus
348 3582 485 3652 virginalis
497 3582 629 3635 castitatis
638 3582 745 3650 cingulo
755 3583 882 3635 decenter
891 3583 942 3635 sibi
954 3583 1080 3637 astrinxit
1092 3590 1119 3637 et
1130 3586 1284 3639 christianas
1293 3588 1394 3654 proies·

149 3676 152 3681 '
203 3661 267 3724 tonis
276 3690 367 3734 nomen
375 3680 509 3749 religiosis
518 3680 642 3734 moribus
653 3697 708 3748 prae
724 3681 897 3734 consortibus
912 3682 969 3734 suis
982 3683 1123 3751 vigilanter
1134 3684 1268 3737 adornare
1281 3685 1394 3739 curavit

202 3758 283 3826 Deinde
293 3776 315 3831 in
330 3785 501 3833 sacramento
517 3781 574 3848 jugi
586 3780 717 3848 nuptialis
734 3779 887 3832 castitatem
906 3780 1074 3848 virginalem,
1086 3787 1195 3835 servata
1212 3783 1392 3837 nihilominus

165 3858 191 3912 ὅ
201 3855 332 3931 luseum
343 3896 399 3932 sure
416 3884 499 3940 veste,
514 3879 543 3932 in
555 3878 707 3932 castitatem
722 3878 892 3946 conjugalem
907 3880 1040 3933 Dominus
1053 3897 1100 3948 per
1111 3880 1307 3950 indulgentiam
1320 3900 1393 3936 com·

147 3966 151 3973 ¹
201 3965 294 4036 uuam,
304 3977 366 4046 jugo
378 3977 497 4030 maritali
509 3994 570 4031 eam
588 3977 734 4047 copulavit,
744 3983 772 4031 et
784 3979 857 4031 viam
870 3979 944 4047 regni
957 3979 1073 4032 coelestis
1090 3979 1142 4032 sibi
1159 3980 1245 4047 aperti
1263 3986 1350 4034 artam
1367 3985 1395 4034 et

201 4051 310 4127 difficilem
326 4091 357 4128 ac
371 4075 465 4128 multis
480 4076 628 4129 obstaculis
643 4077 801 4144 impeditam
818 4093 877 4130 esse
890 4078 1095 4132 demonstravit.
1108 4078 1208 4131 Verum
1222 4078 1267 4131 illa
1280 4078 1307 4131 in
1317 4078 1393 4131 inuo-

200 4162 318 4226 ruriam
329 4191 361 4228 ex
374 4175 466 4228 divina
479 4175 644 4229 confidentia
656 4175 831 4234 incalescens.
844 4176 962 4244 byssino,
974 4177 1001 4230 id
1020 4182 1061 4230 est
1078 4177 1214 4246 suffragiis
1226 4184 1253 4231 et
1263 4178 1393 4245 justifica-

201 4250 292 4324 u⁰¹¹ibus
301 4277 463 4333 sanctorum,
473 4274 572 4342 jugiter
590 4290 619 4327 se
636 4275 836 4343 supervestivit,
848 4281 930 4344 atque
943 4276 993 4329 viae
1005 4277 1166 4345 expeditiori
1177 4278 1189 4311 ⁴
1206 4277 1394 4332 incunctanter

215 4425 271 4515 fito
277 4441 413 4506 perspicue
424 4440 456 4502 ἒς
469 4442 497 4491 tu
516 4441 526 4492 l
539 4442 638 4506 forsan
649 4442 797 4494 sercotium
810 4441 833 4494 t.
846 4469 877 4481 -
890 4442 901 4476 ²
913 4446 986 4497 codd.
999 4450 1117 4513 experta.
1131 4473 1161 4483 -
1174 4444 1186 4479 ³
1197 4447 1271 4499 codd.
1283 4446 1394 4514 adapta·

201 4512 234 4560 ¹¹2·
244 4519 288 4554 -4
298 4523 336 4572 tta
348 4523 450 4574 videtur
460 4524 616 4589 legandum
627 4525 702 4576 codd.
714 4523 887 4592 expeditioni.
