3142 5392
167 294 262 344 aren.
280 293 361 344 nuc.
381 294 554 345 enuxnnn.
573 316 619 324 -
639 294 786 346 apruno.
805 296 850 345 an
869 295 948 346 coo.
966 283 1003 346 u⁰
1019 293 1175 347 asor-rior.
1227 274 1294 347 511

73 485 213 539 obmutuit
225 493 253 540 et
262 487 423 541 humiliatus
435 493 484 551 est,
496 494 523 542 et
535 488 610 542 siluit
622 506 638 542 a
649 488 738 542 bonis.
749 487 850 554 Quidni
862 489 890 542 in
902 488 948 541 illa
958 487 1143 566 taciturnitate
1155 489 1216 553 (1)...
1229 488 1300 541 illius

71 579 114 634 ait.
126 580 185 649 age
197 587 225 635 et
237 599 301 652 erga
312 600 370 645 nos,
383 600 503 647 oramus,
515 584 615 638 similia
624 585 686 650 tt)...
699 585 817 653 digneris
829 586 966 639 reducere,

109 675 144 734 ³.
162 678 308 746 Satisjam,
318 685 349 732 ut
358 679 464 749 opinor,
473 696 554 748 super
562 680 717 733 excusanda
727 681 777 734 viri
787 681 869 747 hujus
878 680 963 732 sancti
972 680 1131 749 deceptione
1143 686 1299 749 peroratum

70 779 119 840 est,
132 791 183 829 nec
194 776 277 828 tantis
287 776 358 828 torte
370 793 439 844 opus
449 781 529 840 esset,
536 777 588 829 nisi
600 767 675 844 quod
687 777 917 830 obtrectatoribus
928 777 987 843 ejus
996 776 1109 829 obviare
1117 776 1186 830 mihi
1198 776 1300 829 instan-

10 887 54 937 5
68 872 123 927 tius
135 875 225 927 risum
250 880 298 935 cst,
317 874 470 928 dicentibus
487 876 555 929 nihil
573 876 679 944 uspiam
698 877 731 929 de
748 876 909 929 certitudine
927 875 1080 929 sanctitatis
1100 876 1159 943 ejus
1176 874 1299 937 inveniri,

69 975 153 1041 atquc
166 973 386 1042 perhocscripta
399 974 484 1042 ipsius
496 991 551 1027 non
563 992 613 1043 pro
624 991 724 1043 magno
737 975 838 1028 dehere
847 974 1008 1043 computari.
1019 974 1106 1027 Simul
1114 974 1206 1039 etiam,
1215 950 1300 1028 instar

68 1069 141 1139 gni,
153 1072 209 1139 qui,
227 1072 295 1126 alios
303 1073 479 1136 excitaturus,
488 1073 609 1141 seipsum
620 1074 695 1141 prius
707 1074 846 1128 concussis
854 1074 904 1127 alis
915 1073 1019 1138 incitat,
1027 1078 1108 1126 nacta
1119 1073 1263 1126 occasione
1272 1079 1301 1127 et

68 1184 114 1223 me
126 1175 155 1223 ct
166 1170 282 1224 lectores
293 1171 436 1225 benivolos
449 1172 483 1224 ad
497 1173 790 1240 vigilantiae'cautelam
801 1173 940 1227 exhortari
954 1172 1029 1240 pium
1040 1172 1113 1233 duxi,
1125 1173 1262 1241 quatinus,
1273 1177 1301 1225 et

70 1268 246 1323 severitatem
263 1253 295 1323 'et
315 1271 467 1324 bonitatem
491 1272 540 1324 Dei
564 1288 672 1340 semper
691 1273 849 1340 cogitantes,
868 1271 895 1324 in
913 1272 1051 1340 prosperis
1070 1271 1223 1335 timeamus,
1244 1288 1300 1326 non

10 1376 55 1431 l!
69 1370 236 1430 tumeamus,
257 1369 284 1422 in
301 1370 425 1423 adversis
442 1387 498 1423 non
516 1372 691 1440 desperemus
708 1372 757 1425 sed
774 1371 946 1440 respiremus,
958 1370 1032 1423 tideli
1044 1375 1071 1423 et
1082 1371 1197 1439 sapienti
1215 1372 1301 1425 totius

70 1465 132 1519 ritae
144 1468 311 1521 moderatori
325 1469 487 1522 humillimis
497 1486 548 1523 nos
560 1475 588 1523 et
600 1470 743 1523 indefessis
754 1470 880 1538 precibus
892 1469 1104 1523 committentes.

111 1564 146 1620 4.
159 1565 286 1617 Ceterum
299 1566 361 1631 (3)...
375 1568 504 1621 extiterit.
513 1567 616 1620 Probat
627 1568 680 1620 hoc
688 1567 828 1620 evidenter
840 1571 932 1619 textus
940 1565 1009 1618 Vita·
1019 1571 1177 1619 sanctorum
1189 1567 1300 1634 Septem

72 1661 271 1716 Dormientium
281 1662 310 1714 in
321 1662 416 1730 Majori
429 1662 594 1716 Monaslerio
602 1663 705 1730 iunctis
719 1661 850 1730 sepulcris
861 1662 1061 1728 quiescentium
1079 1663 1114 1715 ab
1127 1664 1224 1716 eodem
1237 1663 1300 1717 Gre-

72 1762 147 1829 gorio
159 1761 280 1828 digestus
290 1764 317 1813 et
329 1761 418 1814 eidem
431 1762 547 1829 Sulpitio
559 1761 743 1825 transmissae,
756 1761 870 1830 epistola
883 1761 959 1829 operi
971 1760 1082 1829 praelixa
1092 1763 1121 1814 :⁸
1137 1761 1300 1816 Beatissimo

10 1860 140 1928 npatri
150 1860 274 1927 Sulpitio,
282 1859 330 1912 Dei
340 1860 427 1929 gratia
439 1860 601 1913 Bituriconsi
612 1859 1161 1929 archiepiscopo,Gregorius,Turonorum
1173 1861 1301 1930 indignus

75 1959 205 2023 sacerdos,
219 1959 246 2013 in
255 1959 373 2022 Christo,
384 1961 495 2013 salutari
508 1966 610 2023 nostro,
620 1962 744 2015 salutem.
756 2003 766 2025 ,
779 1961 831 2027 Qui
840 1961 943 2013 scilicet
951 1962 1038 2014 sancti
1049 1961 1149 2015 idcirco
1158 1962 1300 2016 Dormien-

78 2060 114 2109 tes
125 2064 264 2117 vocantur.
276 2060 350 2126 quia,
363 2076 425 2112 cum
439 2065 530 2113 essent
541 2061 679 2128 patrueles
691 2060 764 2113 beati
771 2059 879 2113 Martini
895 2059 1032 2128 simulque
1044 2060 1103 2128 ipso
1116 2060 1259 2114 ordinante
1270 2063 1299 2115 in

79 2170 128 2208 uuo
139 2158 259 2211 conclusi
271 2159 402 2226 degerent
413 2159 558 2226 ergastulo,
568 2160 666 2212 eodem
679 2164 755 2227 patre
767 2176 817 2212 suo
831 2164 857 2211 el
869 2160 981 2212 doctore
991 2160 1110 2227 quadam
1120 2165 1201 2213 nocte
1212 2160 1299 2215 domi·

53 2316 58 2323 .
82 2253 134 2307 nica
144 2255 183 2308 eis
191 2262 340 2327 apparente
351 2263 379 2310 et
390 2262 453 2310 ante
465 2258 552 2310 Deum
567 2258 627 2311 illos
639 2275 668 2311 se
677 2257 822 2326 pollicente
834 2258 994 2322 conducere,
1006 2263 1069 2325 post
1081 2258 1182 2312 iactam
1194 2260 1299 2313 confes·

13 2351 178 2415 §sionem
195 2361 223 2408 et
239 2362 381 2425 acceptum
394 2372 478 2409 sacrae
491 2356 694 2410 communionis
706 2357 835 2410 viaticum
854 2374 908 2410 uno
927 2357 1027 2425 pariter
1044 2374 1140 2410 omnes
1157 2365 1298 2413 momento

86 2446 132 2503 leti
143 2457 169 2504 et
176 2453 278 2507 alacres
291 2455 499 2508 obdormierunt
512 2455 538 2508 in
551 2446 679 2520 Domino,
688 2461 744 2508 tam
758 2471 774 2508 a
786 2455 880 2508 dolore
892 2455 988 2507 mortis
1001 2456 1137 2508 immunes
1149 2473 1231 2524 quam
1241 2458 1298 2511 lue-

90 2551 180 2603 rautah
191 2555 264 2607 omni
277 2556 405 2623 contagio
416 2554 573 2607 commercii
583 2554 699 2607 camelis
710 2559 841 2607 extorres.

124 2645 151 2703 ὅ.
167 2649 223 2713 Sed,
236 2656 265 2703 ut
277 2652 312 2704 ad
328 2655 414 2719 coepta
423 2651 575 2713 redeamus,
588 2652 686 2719 probat
698 2655 726 2704 et
737 2652 789 2704 hoc
799 2652 868 2704 duos
878 2651 1108 2719 fuisseSulpitios,
1118 2653 1193 2719 quod
1206 2653 1298 2720 junior

94 2741 182 2800 inurbe
198 2765 253 2811 sua,
266 2747 311 2800 ubi
325 2753 352 2800 et
363 2747 485 2816 sepultus
497 2752 546 2809 est,
565 2747 699 2800 celebrem
712 2747 754 2800 sui
766 2747 887 2800 nominis
899 2747 984 2800 babet
997 2748 1137 2801 ecclesiam
1148 2768 1154 2810 ;
1166 2749 1258 2802 senior
1268 2750 1297 2803 in

35 2838 188 2905 Rhasilica
203 2848 285 2900 sancti
306 2847 416 2908 Juliani,
438 2847 518 2914 primi
539 2847 615 2900 urbis
635 2847 758 2914 ejusdem
776 2846 905 2914 episcopi,
922 2846 1053 2900 humatus
1070 2847 1227 2901 dinoscitur.
1244 2848 1297 2902 Sed

21 2964 25 2969 ·
96 2942 171 2994 utrum
181 2944 215 2997 ihi
226 2945 388 2999 remanserit
398 2962 497 3014 corpus
509 2946 576 3012 ejus,
589 2962 623 2998 an
636 2946 704 2998 alias
716 2945 911 3014 transpositum
930 2945 973 3010 sit,
985 2945 1186 3014 incompertum
1197 2946 1297 3001 habeo.

97 3031 242 3097 Potuitcnim
251 3050 277 3098 et
286 3045 380 3098 dehoc
389 3044 446 3098 lieri
454 3045 529 3113 quod
539 3045 622 3098 etiam
631 3045 665 3097 de
674 3044 899 3098 aliissanctorum
908 3043 1029 3111 reliquiis
1037 3044 1137 3098 lactum
1147 3046 1296 3100 cernimus:

97 3136 156 3198 mot
166 3141 204 3194 rel
215 3144 304 3197 lurtim
318 3143 362 3196 vel
371 3143 509 3207 violentia,
519 3160 582 3196 cum
595 3144 745 3197 abarberis
755 3142 878 3197 civitates
888 3147 1061 3196 vastarentur
1071 3149 1098 3197 et
1110 3149 1297 3198 everterentur

10 3262 14 3299 3
95 3230 244 3303 ecclesiane
256 3243 322 3296 locis
335 3242 391 3294 suis
399 3242 514 3294 sublatae
524 3247 551 3294 et
563 3242 627 3296 alibi
637 3242 776 3295 translatae
787 3246 859 3295 sunt

31 3320 81 3376 '³⁰
125 3325 152 3384 6.
167 3333 232 3392 Sane
243 3356 328 3393 unum
339 3344 381 3392 est
390 3340 424 3391 de
435 3340 489 3394 hoc
499 3340 596 3392 eodem
615 3339 738 3408 Sulpitio,
751 3354 832 3406 super
843 3338 917 3406 quod
929 3354 1052 3400 moveor,
1064 3339 1113 3391 sed
1125 3337 1155 3391 in
1170 3344 1296 3394 neutram

10 3444 15 3511 Ιι
89 3422 165 3481 adhuc
174 3448 282 3504 vergens
292 3439 399 3504 partem
413 3435 523 3503 ambigo
535 3435 600 3502 quid
612 3435 676 3488 inde
688 3451 814 3488 censeam
823 3455 829 3498 ;
838 3435 887 3487 sed
898 3434 925 3487 id
937 3434 1052 3488 studiosi
1062 3434 1175 3488 arbitrio
1187 3434 1297 3489 lectoris

10 3532 15 3593 ζ
87 3515 286 3598 inratiganaum
300 3534 435 3601 relinquo.
453 3533 511 3586 Hoc
524 3534 627 3587 scilicet
642 3534 716 3602 quod
734 3533 762 3587 in
777 3534 943 3601 quibusdam
962 3533 1101 3587 codicibus
1121 3550 1183 3586 cum
1200 3538 1296 3587 sancto

10 3628 12 3703 J
85 3612 216 3691 Genuam,
231 3632 469 3687 Authisiodorensi
482 3631 611 3696 antistite,
623 3633 658 3685 ad
675 3632 852 3686 refellendam
869 3632 996 3686 haeresim
1015 3632 1297 3702 Pelagianamlcgitur

18 3800 25 3811 Ι
82 3724 228 3795 pellexisse
243 3733 308 3787 dum
326 3748 360 3786 ex
373 3731 434 3786 aliis
452 3732 607 3800 diligentius
625 3731 754 3801 inspectis
766 3731 901 3800 colligitur
919 3736 1029 3800 propter
1048 3748 1184 3785 annorum
1196 3732 1296 3786 distan-

10 3812 14 3821 '
34 3802 69 3858 ὖ
82 3807 136 3867 fiam
155 3820 229 3883 istud
248 3832 315 3885 satis
335 3835 425 3884 ratum
449 3847 505 3885 non
526 3830 626 3889 videri;
647 3830 782 3899 siquidem
803 3831 875 3883 etin
893 3830 978 3898 ipsius
997 3831 1058 3883 Vita
1075 3830 1203 3904 Germani
1222 3835 1250 3885 et
1267 3831 1296 3885 in

80 3906 209 3988 plerisque
223 3929 359 3983 chronicis
371 3929 517 3992 invenitur,
531 3930 694 3983 Britannicis
706 3929 867 3998 praesulibus
879 3930 1011 3983 adversus
1023 3930 1146 3983 eamdem
1160 3934 1263 3998 pestem
1279 3947 1296 3982 a

80 4001 217 4080 Gallieattis
225 4028 383 4098 suffragium
402 4029 585 4097 poscentBus,
598 4027 786 4082 beatissimum
804 4028 971 4081 Germanum
988 4033 1015 4080 et
1034 4028 1119 4081 semel
1135 4045 1197 4082 cum
1209 4028 1296 4096 Lupe,

80 4096 226 4181 Tricassino
241 4127 378 4197 pontifice,
396 4132 432 4191 et,
450 4143 512 4180 cum
530 4128 582 4180 hac
600 4126 659 4180 rice
677 4142 774 4196 parum
792 4126 959 4193 profecisset,
977 4127 1076 4179 iterum
1100 4143 1162 4180 cum
1186 4126 1296 4188 Severo,

10 4294 13 4305 Ι
81 4195 226 4279 'sucirensi
236 4224 438 4294 archipresule,
450 4225 477 4278 in
489 4224 644 4278 Britannias
656 4225 785 4279 transisse
802 4225 837 4279 ad
850 4225 1042 4294 extirpandum
1055 4225 1124 4279 tanti
1136 4225 1201 4287 mali
1214 4225 1296 4278 semi-

10 4350 17 4417 ἶ·
39 4290 71 4350 ω
83 4301 189 4384 ιιέιῐίιιΠΙ,
200 4325 269 4392 quod
279 4325 365 4378 instar
373 4325 464 4377 cancri
473 4324 616 4393 serpendo,
626 4329 653 4377 et
664 4323 746 4377 latius
757 4340 787 4377 se
796 4321 1088 4389 diffundendojuivisae
1099 4323 1225 4378 Ecclesiae
1237 4340 1296 4392 par·

113 4464 145 4532 (l)
158 4481 213 4540 Aa,
223 4490 279 4553 SS,
288 4493 356 4543 torn.
366 4487 419 4551 cit,
428 4505 453 4557 p.
462 4488 520 4550 969,
531 4503 635 4541 numm.
649 4489 688 4551 16,
698 4490 739 4542 17.
747 4515 778 4523 -
788 4489 825 4554 (t)
837 4488 966 4557 Sequitur
978 4488 1006 4542 in
1017 4489 1077 4542 cod.
1092 4487 1149 4554 (iol.
1160 4489 1199 4552 lv,
1208 4488 1258 4542 col.
1270 4488 1297 4554 2)

88 4552 225 4700 mitigas
245 4573 274 4625 ll
294 4570 452 4625 adhortatio
470 4571 506 4623 ad
523 4570 656 4638 agendam
675 4569 874 4638 penitentiam.
894 4601 927 4610 -
946 4572 983 4637 (3)
1005 4573 1064 4625 Act.
1083 4572 1138 4635 SS,
1157 4575 1224 4625 torn.
1244 4570 1298 4633 cit..
