3142 5392
191 324 275 376 ana.
292 324 373 376 aaa.
393 325 564 378 sansana.
584 348 629 357 —
648 327 795 379 tarano.
814 328 860 380 ao
877 329 958 385 con.
976 320 1014 380 rr⁰
1029 328 1153 383 raas-ro.
1210 312 1279 384 att

147 512 230 566 andos
241 529 300 567 esse
312 531 445 575 censeres,
456 516 509 569 hac
525 517 558 570 de
571 533 653 571 causa
662 522 692 572 ta
703 518 795 573 aiebas
813 519 880 573 nulli
892 521 1081 589 episcoporum
1090 538 1140 575 seu
1151 522 1281 576 abbatum

147 611 180 664 elle
190 612 274 666 lacere
286 613 481 679 obedientiam,
499 617 572 684 quia,
589 616 776 685 possessiones
787 619 929 685 habentes,
940 618 969 672 in
985 636 1113 688 suprema
1124 627 1282 690 paupertate

147 712 284 778 aupertatis
297 716 350 765 tuae
362 714 469 781 pondus
487 715 625 783 aliquibus
637 721 763 785 poterant
772 717 901 771 alleviare
916 718 1062 772 beneiicIis.
1073 719 1207 788 Aggressa
1218 738 1282 791 ergo

147 826 191 862 rum
202 811 347 878 quemdam
360 829 508 881 pauperem
525 819 552 868 et
563 831 698 879 severum,
708 817 784 870 verbi
797 817 846 870 Dei
858 817 886 871 iu
898 818 952 871 illis
965 818 1060 872 diebus
1069 820 1203 889 egregium
1217 836 1282 889 prae

147 924 215 969 ruem,
237 910 271 963 de
292 911 433 980 evangelio
457 912 603 976 viventem,
624 914 779 968 Conradum
793 915 802 949 ¹
815 915 927 969 nomine
944 920 972 969 et
988 917 1111 984 magistri
1133 918 1280 987 fulgentem

147 1007 308 1069 ratleicum
324 1011 353 1064 iu
365 1011 439 1064 nullo
452 1028 516 1065 eum
533 1013 675 1081 temporali
689 1014 821 1067 beneficio
834 1014 882 1067 tibi
895 1031 976 1082 posse
987 1016 1175 1070 adminiculari
1187 1018 1282 1085 praevi·

147 1107 191 1171 ,de
201 1123 335 1161 consensu
347 1108 438 1162 mariti
451 1110 500 1172 tui,
510 1111 586 1163 salvo
597 1111 704 1164 interim
714 1112 776 1179 jure
789 1111 914 1173 maritali,
924 1113 996 1166 nude
1005 1118 1033 1166 et
1045 1113 1210 1181 integraliter
1218 1114 1281 1167 obe-

147 1204 188 1258 iarn
200 1205 356 1274 promisisti,
369 1212 424 1260 tam
438 1209 554 1262 solemni
566 1226 650 1277 quam
665 1211 771 1279 privato
784 1215 849 1264 voto
866 1211 1018 1265 castitatem
1039 1211 1174 1266 vidualem
1187 1229 1280 1265 coram

147 1304 285 1373 anticipans.

147 1402 161 1457 i.
179 1401 259 1468 Igitur
270 1419 318 1470 per
330 1402 413 1468 hujus
431 1403 593 1457 obedientiae
610 1406 738 1458 effectum
755 1405 812 1458 filia
828 1405 956 1474 principis
973 1406 1085 1474 pulchre
1102 1407 1136 1460 ad
1155 1406 1280 1460 lirariuru

147 1520 168 1554 ,a
183 1503 332 1558 vocationis
344 1504 372 1558 in
385 1504 570 1558 calciamentis
587 1505 644 1559 suis
654 1506 788 1575 gradiens,
801 1507 908 1560 duobus
920 1507 1106 1569 sacramentis,
1117 1506 1281 1575 poenitentiar

147 1605 166 1652 et
178 1607 203 1654 et
220 1601 331 1665 ordinis,
349 1603 461 1672 propius
478 1621 559 1673 posse
574 1605 702 1674 conjungi
719 1621 774 1658 non
792 1604 955 1673 ambigebat,
967 1621 1029 1658 cum
1043 1622 1137 1659 amara
1153 1606 1280 1660 contritio

147 1700 299 1763 nitentium,
309 1718 427 1770 veraque
445 1704 581 1759 confessio
598 1705 633 1757 ad
646 1703 769 1757 ordinem
782 1704 934 1765 sacerdotii,
944 1705 1072 1774 justaque
1083 1704 1233 1758 satisfactio
1245 1705 1280 1758 ad

147 1814 201 1866 ique
212 1801 359 1868 specialius
370 1803 502 1870 respicere
513 1803 647 1859 videatur.
659 1803 702 1856 An
714 1819 769 1856 non
786 1803 860 1856 omni
874 1803 1037 1856 contritione
1049 1803 1142 1857 durior
1154 1808 1182 1858 et
1193 1810 1280 1857 auste-

149 1898 233 1952 iitictio
246 1904 296 1963 cst,
308 1899 458 1954 deliberata
467 1918 587 1969 quaaque
593 1906 620 1955 et
631 1902 756 1955 affectata
765 1902 956 1970 equanimiter
964 1902 1123 1970 relinquere,
1132 1907 1160 1955 et
1168 1902 1280 1956 arbitrio

147 2013 168 2048 rr
177 1999 229 2065 regi
242 1998 351 2052 alieno?
361 2000 394 2052 Et
406 2017 468 2053 cum
479 2001 541 2068 quis
553 2000 580 2053 in
592 2001 702 2069 propria
711 2000 851 2053 voluntate
864 2002 944 2054 offert
955 2000 1088 2070 quidquid
1100 2001 1166 2054 libet
1174 2007 1202 2055 et
1210 2001 1280 2054 dele·

146 2099 222 2148 totum
238 2097 312 2163 quod
330 2097 388 2164 ipse
405 2103 447 2151 est
463 2098 678 2161 immolatores
690 2099 748 2166 ipso
760 2098 909 2152 sacerdotis
920 2098 1041 2168 iungitur
1052 2099 1151 2154 officio.
1163 2101 1280 2166 Quando

147 2207 169 2244 m
180 2192 261 2246 filiurn
275 2210 355 2248 suurn
374 2196 449 2249 Isaac
468 2196 495 2248 in
508 2201 639 2265 concepto
651 2196 752 2250 mentis
763 2212 820 2249 suaa
832 2197 931 2265 gaudio
944 2198 1031 2260 offert,
1049 2196 1166 2251 Domino
1178 2197 1279 2250 sacrifi-

149 2287 220 2343 lacit:
238 2296 266 2344 et
283 2295 294 2316 “
309 2292 366 2345 Deo
379 2293 564 2346 sacrificium²
583 2293 694 2363 spiritus
705 2293 911 2347 contribulatus.
926 2335 936 2357 ‚
957 2294 1037 2347 Vides
1049 2294 1188 2362 quomodo
1198 2294 1280 2362 poeni·

155 2394 176 2440 et
185 2391 249 2444 ordo
260 2391 287 2444 in
297 2393 416 2460 perfecta
426 2393 592 2446 conveniunt
601 2393 764 2455 obedientia,
773 2409 835 2446 curn
845 2397 873 2445 et
882 2393 909 2447 in
918 2393 998 2461 plena
1007 2393 1162 2446 obedientia
1170 2408 1279 2446 summa

147 2490 209 2542 entia
219 2491 401 2560 adimpleatur
413 2493 433 2555 ⁸,
450 2498 478 2545 et
495 2493 584 2546 ordini
601 2492 689 2546 fidelis
706 2492 872 2561 dispensatio
890 2498 1123 2546 sacramentorum
1133 2508 1182 2546 seu
1193 2493 1279 2546 adrni-

149 2586 179 2639 tio
190 2589 374 2658 principaliter
383 2591 531 2644 commissa
542 2590 595 2643 sit?

147 2695 157 2738 t
174 2687 310 2740 Conversa
324 2688 417 2756 itaque
427 2705 474 2757 per
485 2687 627 2741 mulierem
642 2687 750 2741 fidelem
762 2686 927 2755 lantgravio:
941 2686 1005 2756 quia
1016 2687 1204 2742 admonitione
1216 2704 1279 2757 apo·

147 2800 214 2837 raon
227 2785 304 2839 ornni
321 2785 430 2853 spiritui
447 2789 488 2838 est
499 2784 666 2838 credendum
684 2789 712 2837 et
723 2784 857 2852 praecipue
875 2784 939 2852 quia
956 2783 1088 2837 nobilium
1103 2784 1228 2854 religioni
1245 2784 1279 2838 de

147 2896 190 2934 non
200 2888 239 2935 est
251 2883 319 2936 tides
331 2882 496 2943 adhibenda,
508 2886 649 2951 assumpta
661 2897 726 2935 cura
737 2887 838 2935 sanctae
851 2882 973 2936 mulieris
985 2882 1113 2950 magister
1128 2883 1277 2945 conradus,

149 2995 202 3040 uuo,
214 2982 262 3034 sed
274 2981 379 3033 utinam
393 2982 543 3034 secundum
555 2980 706 3044 scientiam,
720 2984 827 3032 tentans
840 2979 898 3047 ejus
914 2979 1105 3042 constantiam,
1123 2980 1209 3033 multa
1221 2985 1277 3034 ute-

157 3080 302 3143 severitat'e‚
314 3080 408 3132 multis
420 3081 658 3133 mansuetudinem
671 3079 910 3132 circumveniendo
923 3079 1027 3132 insidiis
1039 3085 1066 3132 et
1077 3079 1183 3147 injuriis
1194 3079 1277 3132 laces·

154 3179 169 3232 ⁴.
181 3180 227 3233 Ilia
240 3197 306 3233 vero
319 3197 351 3233 err
370 3180 454 3232 libera
467 3179 578 3233 caritate
595 3184 696 3232 sanctae
714 3178 867 3232 necessitati
885 3195 915 3232 se
926 3179 1080 3247 subjiciens,
1093 3184 1123 3231 ut
1134 3179 1232 3247 legitur
1243 3180 1277 3231 de

147 3293 200 3331 rone
216 3280 291 3347 quod
309 3278 405 3332 vicerit
421 3278 523 3331 famam
543 3277 690 3331 virtutibus
701 3276 767 3341 suia,
778 3278 818 3331 ita
829 3282 857 3330 et
869 3277 927 3346 ipsa
942 3294 1050 3346 semper
1064 3277 1213 3346 promptior
1226 3277 1277 3330 tuit

147 3377 280 3432 adiendum
291 3383 374 3447 atque
387 3378 611 3446 devotionquam
629 3377 766 3431 districtus
778 3376 824 3430 ille
841 3382 888 3429 aut
906 3393 1017 3429 severus
1034 3378 1068 3429 ad
1086 3375 1274 3444 imperandum

147 3479 236 3529 etevat.

147 3580 158 3627 t
174 3574 203 3626 Et
214 3581 244 3628 ut
262 3573 418 3627 obedientia
430 3574 489 3640 ejus
501 3573 633 3642 exemplis
645 3572 750 3642 plenius
762 3572 873 3639 liqueat,
890 3586 977 3639 pauca
994 3570 1028 3622 de
1046 3569 1139 3622 inultis
1156 3586 1274 3622 comme

147 3670 185 3723 ida
200 3676 270 3723 sunt.
283 3671 360 3733 Cum,
373 3670 445 3721 iacta
457 3668 620 3731 obedientia,
633 3668 666 3720 de
677 3667 756 3721 bonis
768 3666 872 3720 domini
884 3665 927 3719 sui
938 3682 987 3718 seu
999 3663 1148 3732 cujuspiam
1163 3663 1276 3716 alterius

148 3770 274 3823 maculam
289 3767 462 3822 conscientia¹
479 3772 571 3836 posset
588 3766 758 3828 contrahere,
778 3765 946 3834 prohibitum
963 3765 997 3818 sit
1015 3763 1040 3817 ei
1059 3762 1106 3825 uti,
1126 3762 1171 3815 illa
1188 3763 1275 3817 multo

147 3883 172 3920 us
180 3869 320 3938 accipiens,
333 3884 383 3920 uec
396 3867 429 3919 de
441 3866 521 3919 licitis
531 3872 557 3920 et
567 3865 639 3933 juste
648 3865 796 3932 acquisitis
806 3865 840 3917 ad
852 3880 976 3917 mensam
986 3863 1076 3916 mariti
1085 3863 1276 3917 collateraliter

147 3981 160 4029 r,
168 3970 319 4036 contingere
333 3966 432 4034 saepius
448 3965 573 4018 audebat.
586 3965 647 4033 Ipsa
658 3968 751 4017 autem
768 3981 830 4017 cum
845 3964 932 4016 tribus
944 3962 1113 4032 pedissequis
1123 3964 1274 4016 secundum

147 4082 183 4120 um
193 4069 218 4122 in
229 4067 360 4135 religiosis
371 4066 519 4119 virtutibus
528 4066 579 4119 sibi
590 4066 800 4134 cooperantibus
810 4065 884 4118 velut
893 4064 1018 4117 mendica
1027 4062 1148 4126 sedebat,
1158 4069 1184 4114 et
1193 4079 1275 4131 egens

157 4166 260 4219 cibariis
275 4165 313 4232 ‘de
325 4165 424 4232 quibus
444 4164 518 4216 nulla
535 4164 653 4232 suspicio
666 4164 827 4217 habebatur.
840 4165 873 4217 Et
884 4179 946 4215 cum
965 4161 1072 4215 venalia
1084 4177 1140 4214 nun
1155 4161 1275 4213 iuvenie-

147 4280 159 4325 τ,
175 4265 334 4333 plerumque
357 4263 510 4316 necessaria
528 4263 710 4316 mendicabat.
723 4263 806 4316 (libes
819 4261 963 4330 curiae‚qui
981 4261 1078 4329 saepius
1093 4261 1127 4313 de
1139 4260 1236 4314 ciliciis
1247 4264 1276 4313 et

147 4361 320 4414 totticialium
330 4359 744 4428 proveniebantabhorrens,de
753 4359 915 4428 quibusdam
924 4357 1077 4427 specialiter
1085 4358 1137 4411 sibi
1147 4359 1173 4410 in
1181 4359 1273 4411 dotem

148 4601 235 4646 aereus
246 4596 286 4645 sic
299 4594 321 4651 t,
339 4594 399 4645 licet
415 4599 505 4658 pastea
525 4593 668 4657 aliquoties
684 4591 856 4652 Conrardus;
876 4594 902 4642 r'rr
921 4592 938 4642 ⁹2
955 4608 1058 4657 seraper
1076 4591 1224 4644 Conradus.
1243 4622 1273 4628 --

147 4678 158 4737 ,t
169 4693 188 4728 s.
202 4675 231 4727 D.
241 4676 264 4727 il.
277 4702 310 4713 -
321 4674 332 4708 ³
345 4673 510 4741 adimpletur
524 4675 545 4735 l,
557 4674 580 4725 ⁰2.
592 4701 623 4709 -
637 4674 648 4706 ⁴
661 4673 819 4726 lucescendo
834 4675 854 4735 l,
866 4676 890 4726 il.
