3248 5392
333 364 336 373 ι
415 343 506 393 arni..
524 341 604 394 ano.
624 341 795 394 naoxnnr..
815 363 862 373 —
880 343 959 394 con.
978 333 1017 393 u⁰
1034 340 1190 393 soar-sior.
1345 321 1416 397 507

485 531 585 586 Datum
598 531 697 585 esttibi
708 530 812 584 ooelitus
824 530 927 584 donum
938 547 1001 584 rere
1013 531 1147 593 mirabile,

420 631 528 683 Donum
541 630 664 699 ignotum
678 630 782 693 ceteris
792 630 896 684 donum
908 630 990 683 nimis
998 630 1145 694 laudabile,

419 729 472 795 Qui
484 729 512 782 in
521 729 640 782 tumultu
650 729 743 797 populi
752 729 820 782 tacis
831 729 890 782 sine
901 730 1048 798 gravedine

419 828 499 895 Quod
509 830 598 881 Iacere
611 845 667 882 non
675 828 805 896 praevalet
814 828 902 881 latens
914 828 941 880 in
951 828 1105 881 solitudine.

484 927 606 991 Martiae,
615 932 719 996 martyr
731 927 831 991 inclite,
841 928 955 980 sednon
967 927 1070 980 lictoris
1079 927 1178 995 gladio,

419 1026 470 1091 Qui
481 1042 530 1094 pro
540 1026 648 1080 Christo
658 1026 771 1079 viriliter
782 1026 928 1079 decertasti
937 1026 965 1078 in
974 1027 1072 1089 stadio,

418 1125 457 1177 Te
466 1125 531 1178 lecit
540 1141 599 1177 esse
609 1130 757 1192 martyrem
770 1125 920 1194 corporalis
933 1124 1055 1187 afflictio,

416 1224 523 1277 Bellum
533 1224 666 1277 carnisse
679 1222 798 1292 spiritus,
811 1223 933 1291 cinisque
943 1240 1005 1277 eum
1018 1224 1116 1277 cilicio.

483 1323 628 1377 Ollartine
640 1323 805 1385 dulcissime,
815 1323 931 1391 implora
939 1340 988 1391 pro
1002 1340 1046 1376 me
1056 1323 1212 1387 Dominum,

416 1421 452 1474 Ut
461 1422 494 1474 ad
509 1421 599 1489 ipsum
610 1422 767 1488 perveniam
780 1427 842 1490 post
851 1422 934 1488 hujus
944 1422 1007 1474 vitae
1019 1423 1176 1475 terminum.

417 1519 476 1572 Rex
486 1519 593 1573 Christe
603 1520 823 1584 clementissime,
833 1520 944 1573 domiue
954 1520 1165 1585 dominantium,

415 1619 479 1672 Esto
492 1618 561 1672 mihi
570 1619 711 1686 placabilis
720 1636 768 1687 per
780 1619 887 1672 MartIni
896 1619 1067 1688 suffragium.

480 1717 503 1771 0
516 1717 645 1785 praesnles
655 1721 682 1769 et
691 1717 828 1782 monachi,
841 1734 989 1771 caveamus
998 1718 1110 1771 insidias

415 1815 568 1884 Versipellis
577 1816 744 1878 berinthum
757 1818 925 1870 sustinentes
936 1817 1077 1870 molestias

413 1915 481 1967 Cum
491 1914 606 1967 Martino
618 1915 754 1983 pontifice,
766 1932 874 1984 semper
883 1917 955 1969 inter
963 1916 1103 1985 angustias

414 2013 612 2066 Benedioamus
623 2014 750 2075 Domino,
763 2014 820 2066 Deo
833 2014 957 2067 dieamus
968 2015 1077 2083 gratias.

280 2132 321 2202 4⁰
347 2130 496 2222 Sulpicii
522 2130 645 2203 Severi
666 2132 803 2222 scripta
820 2133 864 2204 de
890 2132 926 2204 S.
954 2132 1125 2222 MartInO,
1144 2131 1312 2207 videlieet
1328 2135 1413 2208 Vita

331 2247 366 2318 S.
395 2246 542 2318 Martini
570 2268 654 2317 oum
680 2247 845 2337 Epistola
868 2247 1091 2321 dedicatoria
1114 2249 1160 2320 ad
1182 2249 1411 2323 DesiderIum

331 2362 408 2454 (fol.
432 2362 594 2454 itit-Eds),
609 2368 683 2434 tres
701 2361 875 2454 Epistola
893 2364 940 2434 ud
957 2363 1170 2454 Eusebium,
1186 2366 1232 2436 ad
1246 2364 1412 2438 Aurelia·

330 2499 422 2548 num
448 2482 483 2549 et
511 2477 557 2548 ad
588 2478 785 2549 Bassulam
813 2478 888 2569 (fol.
917 2478 1070 2571 70091)
1096 2485 1132 2550 et
1161 2479 1305 2572 Dialogi
1333 2481 1409 2572 (fol.

332 2592 498 2683 EtE-IJOV).

213 2721 295 2774 nutat
307 2722 379 2789 apud
391 2721 487 2789 lligne,
499 2721 529 2776 P.
538 2721 576 2785 1..
589 2727 655 2774 tom.
665 2722 721 2786 XX,
731 2739 755 2790 p.
767 2723 883 2775 las-asa.

281 2831 318 2902 5⁰
343 2832 395 2903 De
413 2831 489 2911 vita
502 2833 622 2904 saneti
639 2831 787 2903 Martini
806 2832 883 2924 (fol.
904 2833 1069 2924 51253').

214 2960 277 3013 Vita
286 2966 397 3014 auctore
410 2961 534 3024 Alcuino,
547 2961 620 3014 edita
629 2962 701 3029 apud
714 2962 810 3029 Migne,
823 2962 851 3014 P.
864 2962 902 3025 L.,
912 2966 977 3015 tom.
991 2963 1032 3026 CI,
1042 2979 1067 3031 p.
1076 2964 1194 3016 ost-662.

282 3071 320 3140 6ο
347 3070 557 3160 [Tractatus
578 3070 677 3142 beati
695 3071 796 3159 Adae,
816 3070 909 3142 alias
927 3070 1079 3161 Odonis,
1101 3072 1246 3146 abbatis
1263 3072 1409 3147 Clunia-

331 3184 451 3257 censis
474 3208 481 3256 :
509 3185 614 3272 Quod
634 3186 765 3257 beatus
784 3185 965 3259 Martinus
982 3209 1050 3277 par
1067 3187 1200 3260 dieitur
1218 3189 1409 3282 apostolis]

331 3301 408 3392 (fol.
424 3302 589 3392 alif-55⁹).

215 3429 310 3482 Editus
322 3431 350 3483 In
359 3432 523 3483 Bibliotheca
537 3433 710 3483 cluniacensi
722 3429 843 3496 (Parisiis
856 3432 937 3496 1614),
950 3448 975 3499 p.
990 3431 1105 3484 173178.

282 3533 320 3603 70
345 3532 446 3603 Visio
473 3527 549 3604 sive
566 3531 740 3604 revelatio
767 3532 998 3624 Hildegardis
1023 3534 1067 3605 de
1093 3538 1222 3606 saneto
1249 3534 1407 3606 Martino

180 3635 181 3638 ¹
331 3647 407 3738 (Iol.
427 3648 590 3737 ris-60¹).

213 3774 292 3828 Edita
301 3775 374 3842 apud
383 3775 464 3837 Pitra,
478 3777 607 3828 Analecta
619 3777 712 3840 Sacro,
725 3780 792 3828 tom.
804 3775 873 3836 VIII,
886 3791 911 3842 p.
924 3775 1041 3828 369-378.

279 3878 316 3947 8⁰
342 3876 393 3947 De
407 3881 536 3947 saneto
553 3875 711 3948 Martino
729 3876 808 3967 (fol.
828 3877 991 3969 60265v).

211 4003 333 4057 Homilia
349 4009 460 4057 auctore
477 4005 502 4056 S.
521 4003 667 4065 Bernardo,
684 4004 757 4057 edita
774 4004 847 4072 apud
865 4003 961 4072 Migne,
973 4004 1002 4057 P.
1012 4005 1050 4067 1..,
1063 4009 1128 4057 tom.
1142 4004 1304 4070 CLXXXIII,
1317 4023 1341 4074 p.
1358 4006 1408 4059 489

178 4119 238 4171 sou·

277 4206 317 4276 9⁰
343 4205 392 4295 [S.
411 4204 575 4296 Gregorii
599 4203 828 4276 Turonensis
855 4205 899 4276 de
920 4204 1116 4297 ⁸miraculis
1142 4205 1240 4278 boati
1258 4206 1406 4279 Martini

325 4318 425 4391 Libri
443 4322 616 4410 quatuor]
635 4318 712 4410 (fol.
728 4319 892 4409 esf-ssi).

210 4448 282 4501 Editi
295 4449 366 4515 apud
379 4448 474 4516 Migne,
487 4448 516 4500 P.
525 4448 563 4510 L.,
576 4453 642 4500 tom.
656 4446 746 4509 LXXI,
759 4464 784 4515 p.
794 4447 930 4499 911-1008.

280 4550 340 4620 100
365 4547 531 4639 Epistola
551 4547 691 4619 domini
709 4546 882 4619 Euloonis
900 4553 1147 4638 cognomento
1165 4548 1271 4639 Boni,
1290 4548 1406 4623 inoliti

195 4646 198 4653 ¹
326 4663 613 4754 Andagavorum
643 4668 680 4735 et
705 4662 943 4735 Turonorum
969 4661 1125 4753 comitis,
1156 4665 1203 4735 ad
1233 4671 1405 4738 sanctum
