3142 5392
185 115 279 167 amn.
298 114 379 167 aaa.
398 113 570 166 snuxsnn.
590 136 636 145 —
655 113 801 164 urrann.
820 113 866 164 nn
883 113 962 164 con.
980 102 1017 164 u⁰
1035 109 1159 164 naal-un.
1213 91 1286 163 475

108 305 242 372 lbncjam
251 308 308 359 cita
319 306 439 359 secunda
450 305 525 357 odeat
536 306 674 371 reparatio
683 305 749 366 tata,

38 403 354 472 ”cumutamusponaa
363 404 598 468 castanentum
606 404 711 470 gaudia
722 401 837 470 [ochae
850 402 867 454 ¹.

104 501 147 553 Sed
156 504 260 554 similes
270 503 301 554 tu·
311 502 403 566 beotia,
417 499 520 554 Christi
521 502 607 566 juxto
619 503 766 563 ministros,

34 591 201 666 fulgebunt
209 602 302 666 glorio
311 617 409 667 magna
417 602 497 667 regni
505 600 629 652 sublimia
641 602 669 651 in
682 601 756 652 aulo.

100 699 158 751 Erit
171 701 340 768 quoquejom
346 700 527 765 gloriojuatia
538 705 562 751 ct
570 715 648 766 poenu
657 701 803 764 malignis:

45 801 184 866 narisque
196 800 257 851 suia
264 814 319 865 pro
331 798 604 863 meritiajuatiasimoe
615 797 812 850 retributiones.

97 894 158 948 llaec
175 895 283 948 monita
294 895 395 964 Eligius
406 895 515 948 serebat
526 894 635 947 assidue
646 893 779 962 plebibus,

51 1006 144 1062 seque
161 994 250 1063 magis
262 993 391 1062 operibus
403 993 548 1047 exercebat
559 992 638 1046 bonis
650 992 765 1046 enixius.

95 1092 217 1146 Vallatus
229 1093 350 1161 undique
362 1093 441 1158 serie,
459 1092 541 1162 digno
553 1092 667 1161 parebat
677 1092 783 1145 honore
799 1111 805 1144 :

9 1189 19 1229 t
58 1191 175 1245 decebat
186 1208 308 1262 namque
318 1197 350 1246 ut
361 1193 444 1246 talem
457 1191 558 1246 Christi
569 1191 683 1245 baberet
692 1191 847 1245 antestitem
857 1190 877 1244 ¹.

92 1291 158 1345 lnde
181 1307 246 1344 nam
264 1292 445 1355 sacerdotum,
455 1291 580 1344 leviticus
599 1290 664 1344 hinc
686 1291 791 1344 micans
810 1290 894 1344 ordo:

61 1390 168 1444 medius
185 1395 317 1459 utrosque
336 1390 437 1459 Eligius
454 1390 602 1444 decorabat
613 1390 746 1443 sacerdos.

91 1489 201 1557 Regens
221 1490 285 1543 inde
303 1490 427 1557 iuvenes,
439 1489 504 1543 hinc
521 1489 679 1557 surrigens⁸
690 1504 788 1542 senes:

59 1586 111 1641 hos
128 1586 280 1654 gradiendo
292 1587 304 1619 ⁴
316 1602 432 1640 movens
448 1586 617 1640 moderando
631 1592 659 1640 et
670 1586 731 1640 illos
742 1587 861 1640 trahens

16 1683 39 1735 5
90 1685 154 1754 lpse
167 1690 261 1738 tamen
272 1684 311 1738 sic
322 1685 425 1738 sensim
443 1685 594 1749 incedebat
606 1690 637 1739 ut
647 1686 739 1739 Aaron
751 1686 827 1750 alter,

57 1784 159 1838 nonde
171 1787 248 1836 veste
257 1785 354 1849 nitens,
363 1784 412 1837 sed
424 1785 510 1838 immo
519 1785 663 1839 sanctitate
672 1783 817 1853 refulgens.

90 1883 145 1936 Iste
163 1883 229 1936 satis
247 1882 344 1936 melior
361 1883 448 1937 veteri
464 1900 549 1952 quam
566 1884 643 1952 legi¹
659 1885 795 1948 sacerdos,

57 1982 103 2036 hic
119 1982 185 2050 quia
203 1998 267 2036 vera
284 1981 357 2046 colit,
374 1983 472 2036 umbra
490 1983 564 2052 prius
581 1984 654 2052 quod
670 1983 729 2038 suit.

89 2082 138 2135 1s⁶
150 2082 245 2135 omnia
262 2081 382 2150 legitime
398 2081 515 2135 solemni
533 2098 599 2136 cura
617 2082 729 2151 peregit,

15 2181 40 2234 lt
55 2197 113 2235 non
126 2181 241 2234 minus¹
259 2181 392 2249 exemplo,
410 2180 509 2234 Christi
527 2182 634 2234 virtutis
649 2182 748 2250 imago,

89 2279 230 2349 llultoque
243 2280 358 2334 dirersis
370 2282 489 2349 agmen¹¹
501 2281 622 2349 partibus
635 2281 709 2335 orbis

55 2381 216 2447 progenitus
228 2379 288 2432 coeli
300 2395 414 2448 regnum
428 2380 537 2433 vocabit
545 2380 670 2435 sublime.

90 2479 166 2531 Idem
173 2478 212 2532 sic
219 2478 301 2547 longo
309 2480 321 2513 ⁹
330 2479 435 2546 jejunio
447 2479 599 2533 satiabatur
610 2496 673 2533 cum
683 2478 766 2544 luctu,

53 2581 87 2630 ut
99 2577 161 2646 quis
173 2577 292 2646 repletus
304 2577 408 2631 deliciis
420 2577 463 2631 vel
475 2579 607 2632 suavibus
619 2579 694 2632 cibis.

10 2676 37 2728 ts
89 2671 238 2740 Pervigiles
255 2672 342 2725 isdem
358 2677 452 2726 noctes
469 2674 503 2726 ad
521 2675 609 2742 prima
627 2674 785 2742 crepuscula
799 2675 916 2743 jungens

53 2769 249 2840 gressibusque
261 2772 360 2825 exertis
368 2773 508 2841 proposita
517 2777 605 2841 coepto
614 2774 770 2841 persistens,

89 2869 151 2922 Vim
163 2870 269 2924 lactura
281 2870 396 2940 Olympo
406 2887 507 2925 acuens
517 2888 593 2924 anna
608 2872 677 2934 nisu,

53 2969 230 3038 staminaque
241 2970 361 3037 psalterii
373 2975 469 3024 texens
482 2987 544 3024 culn
556 2972 750 3025 modolamine.

89 3064 197 3134 Angore
217 3066 300 3119 seculi
320 3083 431 3136 gravem
450 3067 600 3121 sustinebat
622 3067 700 3121 valde
723 3085 868 3123 moerorem

10 3173 34 3224 ιο
53 3167 169 3217 eatenus
180 3165 229 3218 sed
241 3181 310 3233 pene
322 3166 418 3219 mortis
430 3182 558 3219 somnum
572 3167 725 3234 depellebat
736 3184 855 3237 segnem.

88 3262 161 3316 Voce
178 3264 296 3317 creantis
308 3264 452 3318 revolvens
469 3265 521 3318 hos
540 3281 600 3318 esse
618 3266 714 3319 beatos
731 3283 801 3334 quos
818 3267 911 3336 vigiles

53 3362 196 3428 Dominus,
206 3363 271 3416 dum
282 3364 394 3427 venerit,
407 3365 489 3429 videt,
498 3380 646 3432 secumque
660 3365 687 3417 in
699 3381 812 3433 regnum
824 3367 951 3420 adsumit.

87 3462 152 3515 Haec
164 3478 259 3516 secum
268 3462 363 3516 crebro
375 3464 527 3528 revolvens,
537 3468 631 3517 noctes
643 3464 742 3532 agebat
752 3465 901 3534 pervigiles.

52 3577 89 3615 ne
100 3566 208 3630 raperet
218 3577 302 3630 seque
313 3561 426 3615 horrida
435 3563 522 3616 loedus
535 3563 603 3616 hora
616 3563 660 3615 lur
671 3563 772 3631 ignota.

11 3669 33 3718 ts
86 3660 174 3713 Orans
187 3661 211 3694 ¹⁰
222 3643 322 3714 et'ideo
332 3661 435 3715 intente
447 3661 586 3715 Christum
600 3668 696 3715 cuncta
708 3667 862 3731 regentem:

55 3760 125 3825 ltro,
134 3759 235 3824 dicens,
246 3762 349 3813 monita
360 3762 381 3794 ¹¹
396 3777 454 3814 mco
466 3763 499 3814 dc
510 3769 580 3814 sorte
591 3764 721 3815 voluntas.

85 4051 163 4107 lcod.
174 4053 351 4122 gaudiacquc.
364 4055 419 4092 -¹
436 4057 552 4122 intellige
572 4055 693 4108 Vallatus
713 4056 782 4109 serie
803 4056 832 4122 (t.
849 4075 870 4109 e.
888 4059 1016 4123 caterva),
1032 4056 1146 4126 parebat
1162 4073 1225 4110 cum
1242 4074 1275 4111 eo

47 4135 157 4189 honore
168 4135 216 4203 qui
228 4135 325 4204 dignus
336 4141 403 4189 erat.
415 4136 534 4189 Decebat
546 4153 665 4204 natuque
677 4137 777 4190 Christi
794 4139 951 4191 antestitem
968 4143 1000 4192 ut
1016 4139 1098 4191 talem
1110 4139 1231 4192 haberet.
1243 4169 1275 4178 -

47 4217 125 4271 ‘eod
136 4218 286 4285 subrigens,
297 4220 403 4272 sedant
420 4220 511 4272 littero
528 4220 546 4272 b
560 4228 691 4287 parietum
711 4222 807 4274 delens.
827 4221 948 4288 Intellige
964 4223 1045 4289 quasi
1060 4221 1225 4289 suberigens.
1243 4251 1275 4259 —

45 4301 126 4354 ⁴cod.
138 4300 283 4368 gadiend0.
295 4329 326 4338 -
339 4301 351 4335 ¹
362 4304 401 4355 sic
417 4301 439 4361 1,
451 4302 475 4354 ἱ).
486 4329 518 4340 -
528 4303 539 4336 ⁶
548 4302 597 4354 His
609 4302 630 4366 1,
639 4303 663 4355 i.
674 4331 706 4339 -
716 4303 727 4336 ¹
739 4306 779 4356 alc
787 4306 871 4370 priua
884 4305 896 4356 1
907 4322 914 4365 ;
924 4311 984 4370 poet
995 4320 1064 4357 corr.
1074 4303 1193 4357 nominis
1205 4312 1233 4357 ut
1245 4307 1275 4358 in

45 4383 71 4436 9.
80 4411 115 4419 —
126 4382 140 4414 ⁸
150 4381 259 4450 agmine
271 4383 294 4436 t.
309 4411 337 4420 -
350 4384 362 4417 ⁹
373 4386 413 4436 lta
425 4400 496 4437 corr.
505 4403 517 4449 ‚·
524 4387 608 4452 prius
617 4384 698 4453 longa
711 4385 741 4448 1;
759 4384 840 4454 longa
851 4385 875 4438 t.
893 4415 900 4421 -
916 4415 924 4424 =
944 4385 966 4418 ¹⁰
982 4385 1074 4438 Orabo
1088 4386 1110 4447 1,
1121 4386 1145 4438 t
1158 4414 1189 4423 -
1203 4386 1224 4420 ¹¹
1235 4389 1275 4439 cic

46 4466 70 4529 1,
78 4464 96 4518 Ξ
105 4483 113 4528 ;
123 4466 225 4531 forsan
232 4480 350 4532 pronon
359 4465 405 4519 ita.
