3142 5392
175 290 248 364 Edi
510 314 635 369 aaran.
661 315 765 370 cooo.
790 319 1079 376 aaarocaasmc,

216 501 250 561 2.
270 504 376 560 Eulalia
387 508 479 558 autem
492 521 553 573 quae
561 503 828 575 quotidiebenedicti
846 505 917 561 Tirsi
934 507 1091 577 passionem
1102 509 1220 580 legebat,
1229 513 1354 584 munau

173 603 261 672 magis
273 601 454 656 roborabatur
467 599 572 654 ardore.
584 599 653 654 Cum
665 616 775 669 poenaru
792 605 856 656 ante
867 619 897 657 se
909 602 1014 658 illatam
1024 605 1147 671 vidisset,
1155 606 1195 661 ait
1206 626 1213 662 :
1224 608 1354 676 Duum

174 703 234 755 ceni
244 703 282 755 ad
289 700 460 754 liberandum
468 700 596 753 ancillam
608 705 691 752 tuam.
701 699 814 753 Credidi
824 703 895 753 enim
909 703 975 770 qnia
987 703 1120 758 macerae
1141 705 1222 760 tarn
1232 707 1309 761 adiere
1317 723 1354 773 ere·

173 801 218 853 titi
225 802 353 853 misertus
361 814 396 863 es,
408 805 431 850 et
439 799 476 850 ad
487 804 511 851 te
519 799 691 851 convertisti:
700 799 740 851 ita
752 805 777 851 et
790 815 831 852 me
842 800 880 851 od
890 806 914 853 te
923 809 1050 856 canneru.
1065 801 1100 856 Et
1108 801 1239 858 continuo
1252 802 1354 874 plumba

173 898 322 968 obstupuit.
339 895 522 951 calefaciebat
534 911 644 965 quoque
656 897 927 962 manutenendum,
939 899 974 952 ad
986 898 1122 955 Eulaliam
1140 905 1233 957 autern
1248 907 1299 957 erat
1310 902 1354 973 liei

173 997 247 1052 dum.
256 995 393 1051 Dacianus
404 994 487 1048 dixit:
501 995 600 1061 Vircao
612 995 706 1061 afferte
714 1002 738 1048 et
746 997 871 1051 catenes
882 1014 940 1051 eam
950 999 1107 1066 fraarnenta
1126 1002 1227 1055 tested:
1240 1003 1354 1059 militet

172 1097 232 1162 ejus
239 1096 339 1163 placas
348 1096 455 1161 fricata.
472 1090 578 1146 Eulalia
595 1091 736 1161 respoudit
747 1111 755 1146 ι
768 1095 904 1158 Miserere,
916 1096 1040 1162 Domine,
1052 1098 1158 1152 ancilla
1168 1106 1227 1165 teet,
1242 1101 1354 1166 annno

171 1210 227 1247 mes
234 1209 281 1247 cor
288 1209 383 1254 areum,
391 1192 438 1246 sed
449 1193 536 1256 macie
547 1193 753 1260 confortantem
762 1193 910 1257 cebennam
922 1210 1011 1262 quaro
1019 1197 1131 1250 eoadem
1143 1203 1168 1250 ct
1176 1213 1208 1250 ae
1218 1205 1241 1250 te
1247 1201 1353 1265 parate

172 1295 238 1362 qnia
246 1309 332 1344 unum
340 1298 364 1344 et
372 1292 477 1344 trinum
485 1291 592 1343 nomine
600 1306 634 1355 es,
643 1291 693 1357 qni
707 1292 791 1343 citam
801 1293 902 1345 tribuis
912 1300 1046 1346 merram.
1055 1293 1194 1348 Decianus
1204 1295 1353 1364 praecelluit:

171 1391 398 1456 Misera,coneaie
414 1389 464 1442 tibi
479 1396 623 1458 antequam
639 1391 835 1456 extermineris,
846 1398 870 1443 et
886 1392 1013 1457 sacrifiea
1028 1393 1093 1446 diis.
1113 1392 1219 1448 Eulalia
1233 1394 1352 1464 ramuli:

171 1490 302 1555 Sacrifica
317 1496 348 1541 tn
358 1490 398 1541 oet
415 1504 504 1542 omnes
521 1494 640 1541 astantes
656 1489 726 1552 tiii;
742 1505 788 1555 eqo
804 1490 961 1555 sacrificabo
978 1491 1035 1545 Deo
1051 1493 1239 1558 neomeniam
1252 1496 1319 1547 doen
1329 1510 1352 1545 ee

171 1589 286 1653 offerens
293 1588 344 1650 iili,
356 1587 424 1639 siccet
432 1593 457 1638 et
465 1586 510 1638 iiie
519 1602 572 1654 pro
580 1602 621 1638 nae
631 1586 737 1638 oblatae
745 1593 791 1639 eet.
800 1585 937 1640 Dacianus
948 1585 1017 1640 dixit
1026 1605 1033 1640 ι
1042 1587 1075 1640 Si
1083 1604 1147 1655 erno
1155 1590 1228 1644 Deae
1235 1598 1269 1644 eet
1276 1592 1352 1658 ineam

171 1687 267 1750 credis,
279 1686 409 1753 quomodo
420 1690 449 1736 ut
461 1685 538 1737 homo
549 1686 579 1736 in
588 1691 662 1736 terra
671 1686 828 1752 passionem
838 1687 953 1754 succepit
963 1688 978 1739 i
989 1684 1096 1740 Eulalia
1108 1687 1262 1757 respondit:
1272 1688 1352 1754 amn

171 1786 438 1852 occidempaeeionem
449 1790 478 1836 nt
487 1784 571 1846 torna,
583 1790 607 1836 et
616 1799 668 1850 pra
677 1790 772 1836 nostra
787 1786 920 1850 pravitate
931 1786 1054 1839 enodem
1066 1788 1159 1840 induit
1168 1789 1352 1853 formandae

171 1885 208 1936 od
223 1884 371 1937 libertatem
386 1882 550 1949 perduceret.
562 1880 698 1935 Decianus
710 1880 779 1935 dixit
796 1900 802 1935 :
820 1882 946 1948 infrenat
961 1890 987 1936 te
1002 1886 1129 1951 cocitatio
1146 1893 1203 1951 tao,
1213 1903 1255 1954 eac
1269 1887 1309 1940 ter
1319 1900 1352 1938 en

170 1983 282 2036 libenter
298 1982 381 2034 audio
392 1999 404 2046 ;
414 1982 462 2033 sed
477 1982 569 2034 accede
586 1988 609 2033 et
625 1981 750 2046 sacrifica
767 1982 873 2046 diie,ne
888 1983 959 2048 forte
975 1983 1113 2050 ampliora
1129 1985 1181 2038 tibi
1194 1990 1352 2052 aareetartr

169 2088 266 2134 neerrta.
278 2077 382 2133 Eulalia
394 2077 537 2132 subridens
549 2077 587 2131 ait
599 2096 605 2131 :
621 2079 733 2133 Tamen
747 2080 835 2145 amois
846 2080 962 2146 adjuras
973 2087 1040 2145 cota,
1052 2082 1164 2150 quando
1179 2083 1245 2136 mebi
1258 2082 1352 2151 anelat

170 2180 259 2245 infers
270 2187 409 2233 tormenta.
420 2178 478 2231 Fac
489 2162 687 2246 quaerebant,
698 2185 728 2230 nt
739 2179 769 2230 in
781 2179 904 2232 omnibus
914 2180 944 2231 in
958 2179 1067 2233 Christo
1081 2181 1174 2247 faciae
1183 2199 1223 2236 sne
1238 2199 1287 2236 eece
1294 2181 1353 2234 neri

169 2296 231 2332 cem.
240 2276 377 2331 Decianus
388 2276 457 2331 dixit
468 2295 475 2329 :
488 2277 546 2345 Eoo
562 2283 586 2329 te
603 2279 700 2353 metam
717 2277 860 2341 dimittam,
868 2283 893 2330 te
908 2285 998 2331 antem
1009 2280 1144 2333 victricem
1155 2297 1285 2350 nunquan
1294 2280 1353 2333 linit·

169 2386 233 2443 tam,
250 2378 297 2432 aed
307 2378 472 2444 ,craaiseime
483 2383 507 2428 te
514 2377 605 2444 panis
621 2377 751 2441 afficiam.
772 2374 855 2443 Virgo
872 2375 978 2430 Eulalia
994 2377 1156 2446 respouditc
1173 2380 1275 2434 Vincere
1283 2392 1354 2431 neena

168 2485 249 2543 potes,
261 2479 327 2544 qnia
338 2477 420 2529 vincit
431 2477 461 2528 in
473 2492 514 2529 me
524 2477 573 2543 qni
585 2481 691 2542 pncnat
702 2491 754 2542 pro
765 2492 815 2528 me
827 2473 963 2529 Dacianus
975 2474 1043 2529 dixit
1055 2495 1062 2529 :
1082 2477 1215 2532 Canariae
1226 2479 1354 2532 incenditee

169 2575 207 2627 ad
221 2591 310 2641 cenna
323 2575 383 2640 ejus
390 2574 490 2640 panim.
507 2570 613 2625 Eulalia
630 2570 770 2640 respondit
787 2589 794 2624 :
818 2573 969 2625 Unnetatnm
990 2580 1028 2626 eet
1044 2590 1145 2642 corpas
1161 2593 1252 2642 menn,
1267 2584 1287 2629 et
1300 2575 1354 2640 ferte

168 2675 276 2726 incentu
290 2689 359 2726 enm.
376 2671 424 2724 Sui
433 2671 500 2738 jnoe
516 2672 595 2733 mitti,
605 2677 636 2723 ut
648 2671 760 2738 pimins
776 2672 807 2722 in
820 2670 928 2724 Christo
939 2673 1045 2740 poesim
1062 2675 1243 2728 essecondita.
1258 2673 1354 2733 Dadanu

170 2771 254 2825 dixit:
265 2770 544 2840 Utiqueoearnifices,
552 2771 696 2835 eceoqitate
704 2785 798 2823 nonam
804 2785 949 2836 poenarum
958 2771 1131 2826 altitudinem
1139 2780 1164 2826 ct
1170 2776 1276 2840 ararim
1282 2770 1354 2840 accde

170 2873 277 2935 simam,
289 2886 346 2938 qna
357 2871 459 2922 nedum
475 2871 655 2937 potiusquam
664 2869 761 2921 bonum
770 2869 1354 2941 cordiadidicit,cuinerate,eimniqneeimpc¹

170 2986 230 3021 cum
242 2974 314 3021 aceto
325 2970 419 3034 afferte
430 2968 495 3020 etin
504 2967 620 3018 naribus
630 2966 812 3032 ey'ucfundite
823 2964 928 3019 Eulalia
939 2967 1080 3035 respondit
1090 2986 1096 3021 :
1106 2969 1233 3038 Sinopen
1241 2965 1354 3027 noemin

171 3072 305 3119 etccetnm
317 3065 510 3131 noninteiliao.
524 3063 695 3116 Patauinum
713 3069 737 3114 et
753 3063 889 3116 conditam
901 3065 1000 3117 dedisti
1007 3064 1100 3129 milri,·
1116 3066 1147 3118 in
1164 3065 1354 3135 sinapeantenet

171 3170 242 3216 aceto
259 3178 313 3216 non
325 3163 441 3215 nocuisti
451 3178 499 3223 me,
508 3162 554 3214 sed
565 3161 725 3226 confortasti
735 3176 794 3213 mea
805 3161 925 3214 uulnera.
937 3161 1073 3216 Daciauus
1085 3162 1171 3216 dixit:
1186 3163 1311 3217 &minan
1319 3172 1354 3211 ere

171 3262 272 3314 cendite
283 3268 307 3314 et
319 3261 384 3313 iiiuc
401 3276 460 3313 eam
471 3261 573 3321 mittite,
591 3259 672 3310 donee
687 3258 800 3323 deficiat.

211 3358 244 3417 3.
266 3356 444 3413 succenditur
453 3371 517 3424 ergo
527 3354 660 3417 caminus,
672 3352 823 3406 secundum
838 3353 945 3421 jussum
957 3354 1089 3423 praesidis.
1102 3355 1216 3411 Ducitur
1223 3355 1302 3426 pueffl
1310 3350 1354 3405 ulit

171 3458 312 3512 caminum
323 3453 455 3517 mittatur,
464 3456 546 3520 atque
555 3449 679 3504 immissa
686 3449 802 3518 psallere
812 3450 892 3518 coepit
901 3450 929 3503 in
937 3448 1049 3505 fornace
1061 3466 1095 3505 ac
1106 3452 1197 3508 dicere
1206 3472 1213 3506 t
1222 3453 1354 3506 Ameana

170 3557 229 3621 reci
238 3555 356 3621 viraines
362 3558 464 3619 postca,
469 3550 602 3616 proxima
613 3549 672 3614 ejus
680 3549 830 3613 afferentur
841 3548 891 3600 tibi
902 3550 931 3600 in
943 3549 1035 3602 letitia
1046 3555 1071 3602 ct
1083 3545 1354 3604 aremarensem

170 3654 238 3708 ioris
247 3648 441 3707 deambulabat
449 3652 513 3701 ante
521 3646 679 3716 praetorium
688 3662 778 3711 suum,
789 3650 818 3700 et
829 3646 970 3714 proximus
986 3651 1045 3700 erat
1056 3647 1136 3702 locus
1148 3649 1196 3703 ubi
1212 3650 1300 3703 iomar
1308 3639 1354 3697 erit

172 3753 226 3807 bat.
238 3752 363 3818 Cumque
371 3748 492 3802 audisset
500 3761 562 3800 earu
574 3761 673 3814 praeses
680 3744 850 3814 psallentem,
859 3744 927 3798 dixit
937 3764 943 3799 :
955 3745 1059 3812 ancii,
1069 3748 1133 3800 uicti
1141 3765 1242 3802 summ.
1250 3745 1354 3807 Excitet

167 3854 303 3923 perdurat
311 3851 341 3902 in
353 3849 451 3912 maiis;
467 3847 815 3913 eed,nealoriorisepntet,
831 3847 933 3899 educite
943 3862 1002 3899 eam
1017 3848 1105 3913 forae,
1115 3853 1354 3902 utecnrronnnmn

171 3951 329 4010 decalvetur,
341 3946 536 4000 etdecairctam
547 3951 571 3996 et
580 3944 737 3996 discinctam
744 3960 795 4009 per
802 3943 940 4010 publicum
948 3944 1044 4008 ducite,
1054 3952 1084 3997 ut
1096 3947 1156 4011 ejus
1164 3934 1354 4013 circinitaeontt'

171 4050 221 4102 ires
236 4048 373 4101 reueletur.
385 4042 489 4098 Eulalia
507 4040 662 4110 respondit:
673 4041 748 4094 Licet
759 4043 938 4106 innominiarn
956 4043 986 4094 in
997 4050 1073 4096 terra
1091 4046 1212 4098 sustineo
1221 4044 1354 4097 dmartii

171 4150 310 4211 discincta,
323 4152 350 4198 ut
361 4144 398 4197 ad
409 4143 604 4207 deformitatem
615 4142 777 4207 perveniam,
788 4144 852 4193 nori
862 4142 1086 4209 quemadmodum
1103 4145 1224 4210 eaaaitat
1234 4151 1257 4198 te
1267 4138 1354 4196 inierit

171 4248 300 4300 ueritatis.
308 4242 445 4297 Dasianus
457 4240 540 4294 dixit:
550 4240 581 4293 Si
589 4256 651 4308 erac
659 4241 736 4294 times
745 4241 782 4293 ad
790 4241 987 4306 deformitatem
994 4244 1147 4310 peruenire,
1156 4232 1354 4299 accededinntl

171 4349 234 4400 diis.
246 4342 352 4399 Eulalia
362 4340 502 4410 respondit
513 4359 520 4394 :
532 4341 644 4394 rmnoo
655 4339 772 4394 Domina
784 4342 949 4406 sacrificium
965 4342 1059 4395 landis
1070 4349 1095 4395 ct
1111 4345 1245 4397 victimam
1254 4333 1354 4410 jniiiott't

170 4449 223 4499 nis.
234 4442 370 4497 Decianus
381 4456 481 4510 praeses
493 4439 577 4493 dixit:
590 4439 692 4501 Ducite,
701 4440 825 4492 decollate
833 4440 978 4505 verbosam,
987 4441 1096 4494 occidite
1107 4444 1220 4496 noaiam
1229 4443 1354 4508 ,ΝΜ

170 4545 255 4598 oculis
271 4544 336 4595 meis
348 4542 493 4609 perditam
512 4537 617 4593 Eulalia
628 4537 731 4591 vadens
748 4538 801 4591 ait:
815 4538 885 4591 Nota
896 4539 947 4592 tibi
961 4540 1060 4605 faciem
1077 4557 1173 4607 meam,
1184 4549 1209 4596 et
1225 4543 1354 4596 sauneri

170 4660 222 4696 raon
239 4647 379 4709 pretereat
395 4657 412 4692 a
423 4647 455 4701 te,
472 4646 502 4691 nt
518 4655 578 4692 curn
596 4653 688 4690 renero
705 4644 729 4689 te
740 4653 868 4690 accusare
879 4645 942 4690 ante
958 4639 1085 4692 tirrenum
1103 4641 1213 4704 indicis,
1225 4646 1354 4706 recoynotv*
