<?xml version="1.0" encoding="UTF-8"?>
<!DOCTYPE html PUBLIC "-//W3C//DTD XHTML 1.0 Transitional//EN"
    "http://www.w3.org/TR/xhtml1/DTD/xhtml1-transitional.dtd">
<html xmlns="http://www.w3.org/1999/xhtml" xml:lang="en" lang="en">
 <head>
  <title>
</title>
<meta http-equiv="Content-Type" content="text/html;charset=utf-8" />
  <meta name='ocr-system' content='tesseract 3.04.00' />
  <meta name='ocr-capabilities' content='ocr_page ocr_carea ocr_par ocr_line ocrx_word'/>
</head>
<body>
  <div class='ocr_page' id='page_1' title='image "./cataloguscodicu01belggoog_0294.png"; bbox 0 0 3248 5392; ppageno 0'>
   <div class='ocr_carea' id='block_1_1' title="bbox 272 306 1395 380">
    <p class='ocr_par' dir='ltr' id='par_1_1' title="bbox 272 306 1395 380">
     <span class='ocr_line' id='line_1_1' title="bbox 272 306 1395 380; baseline 0.001 -2"><span class='ocrx_word' id='word_1_1' title='bbox 272 325 364 378; x_wconf 78' lang='lat' dir='ltr'><strong>arao.</strong></span> <span class='ocrx_word' id='word_1_2' title='bbox 390 323 471 378; x_wconf 84' lang='lat' dir='ltr'><strong>aro.</strong></span> <span class='ocrx_word' id='word_1_3' title='bbox 497 322 673 376; x_wconf 81' lang='lat' dir='ltr'><strong>aanxsnu.</strong></span> <span class='ocrx_word' id='word_1_4' title='bbox 700 345 746 358; x_wconf 87' lang='lat'><em>-</em></span> <span class='ocrx_word' id='word_1_5' title='bbox 773 323 921 378; x_wconf 75' lang='lat' dir='ltr'><strong>arcano.</strong></span> <span class='ocrx_word' id='word_1_6' title='bbox 948 326 995 378; x_wconf 80' lang='lat' dir='ltr'><strong>ao</strong></span> <span class='ocrx_word' id='word_1_7' title='bbox 1020 325 1100 379; x_wconf 89' lang='lat' dir='ltr'><strong>con.</strong></span> <span class='ocrx_word' id='word_1_8' title='bbox 1125 316 1163 378; x_wconf 55' lang='grc' dir='ltr'><strong>ΝΟ</strong></span> <span class='ocrx_word' id='word_1_9' title='bbox 1186 326 1294 380; x_wconf 81' lang='lat' dir='ltr'><strong>rso-ar.</strong></span> <span class='ocrx_word' id='word_1_10' title='bbox 1327 306 1395 380; x_wconf 66' lang='lat'><strong>271</strong></span> 
     </span>
    </p>
   </div>
   <div class='ocr_carea' id='block_1_2' title="bbox 166 512 1400 1175">
    <p class='ocr_par' dir='ltr' id='par_1_2' title="bbox 166 512 1400 882">
     <span class='ocr_line' id='line_1_2' title="bbox 168 512 1399 584; baseline 0.006 -18"><span class='ocrx_word' id='word_1_11' title='bbox 168 512 247 567; x_wconf 90' lang='lat' dir='ltr'><strong>inter</strong></span> <span class='ocrx_word' id='word_1_12' title='bbox 256 512 351 583; x_wconf 92' lang='lat' dir='ltr'><strong>epulas</strong></span> <span class='ocrx_word' id='word_1_13' title='bbox 361 528 422 583; x_wconf 79' lang='lat' dir='ltr'><strong>qua</strong></span> <span class='ocrx_word' id='word_1_14' title='bbox 430 516 495 568; x_wconf 88' lang='lat' dir='ltr'><strong>ante</strong></span> <span class='ocrx_word' id='word_1_15' title='bbox 503 514 593 582; x_wconf 86' lang='lat' dir='ltr'><strong>ipsum</strong></span> <span class='ocrx_word' id='word_1_16' title='bbox 605 512 792 578; x_wconf 83' lang='lat' dir='ltr'><strong>lasciviabant,</strong></span> <span class='ocrx_word' id='word_1_17' title='bbox 801 529 899 582; x_wconf 92' lang='lat' dir='ltr'><strong>corpus</strong></span> <span class='ocrx_word' id='word_1_18' title='bbox 908 530 988 568; x_wconf 91' lang='lat' dir='ltr'><strong>suum</strong></span> <span class='ocrx_word' id='word_1_19' title='bbox 1000 514 1150 584; x_wconf 89' lang='lat' dir='ltr'><strong>castigabat</strong></span> <span class='ocrx_word' id='word_1_20' title='bbox 1160 519 1188 570; x_wconf 90' lang='lat' dir='ltr'><strong>et</strong></span> <span class='ocrx_word' id='word_1_21' title='bbox 1196 515 1224 569; x_wconf 91' lang='lat' dir='ltr'><strong>in</strong></span> <span class='ocrx_word' id='word_1_22' title='bbox 1240 516 1399 573; x_wconf 84' lang='lat' dir='ltr'><strong>servitutem</strong></span> 
     </span>
     <span class='ocr_line' id='line_1_3' title="bbox 168 612 1400 685; baseline 0.004 -19"><span class='ocrx_word' id='word_1_23' title='bbox 168 612 325 682; x_wconf 86' lang='lat' dir='ltr'><strong>redigebat,</strong></span> <span class='ocrx_word' id='word_1_24' title='bbox 341 628 405 667; x_wconf 87' lang='lat' dir='ltr'><strong>esca</strong></span> <span class='ocrx_word' id='word_1_25' title='bbox 421 628 492 677; x_wconf 87' lang='lat' dir='ltr'><strong>rara,</strong></span> <span class='ocrx_word' id='word_1_26' title='bbox 508 628 591 682; x_wconf 90' lang='lat' dir='ltr'><strong>parco</strong></span> <span class='ocrx_word' id='word_1_27' title='bbox 607 617 682 682; x_wconf 92' lang='lat' dir='ltr'><strong>potu,</strong></span> <span class='ocrx_word' id='word_1_28' title='bbox 704 628 802 682; x_wconf 91' lang='lat' dir='ltr'><strong>corpus</strong></span> <span class='ocrx_word' id='word_1_29' title='bbox 819 613 964 676; x_wconf 87' lang='lat' dir='ltr'><strong>sustinens,</strong></span> <span class='ocrx_word' id='word_1_30' title='bbox 982 629 1038 668; x_wconf 89' lang='lat' dir='ltr'><strong>non</strong></span> <span class='ocrx_word' id='word_1_31' title='bbox 1054 630 1239 685; x_wconf 89' lang='lat' dir='ltr'><strong>corrumpens.</strong></span> <span class='ocrx_word' id='word_1_32' title='bbox 1255 615 1286 670; x_wconf 93' lang='lat' dir='ltr'><strong>In</strong></span> <span class='ocrx_word' id='word_1_33' title='bbox 1303 632 1400 671; x_wconf 86' lang='lat' dir='ltr'><strong>mensa</strong></span> 
     </span>
     <span class='ocr_line' id='line_1_4' title="bbox 166 711 1399 785; baseline 0.004 -20"><span class='ocrx_word' id='word_1_34' title='bbox 166 715 267 766; x_wconf 88' lang='lat' dir='ltr'><strong>tamen</strong></span> <span class='ocrx_word' id='word_1_35' title='bbox 275 711 370 767; x_wconf 85' lang='lat' dir='ltr'><strong>hilaris</strong></span> <span class='ocrx_word' id='word_1_36' title='bbox 378 713 465 782; x_wconf 87' lang='lat' dir='ltr'><strong>gratia</strong></span> <span class='ocrx_word' id='word_1_37' title='bbox 475 712 566 767; x_wconf 81' lang='lat' dir='ltr'><strong>vultus</strong></span> <span class='ocrx_word' id='word_1_38' title='bbox 575 713 634 779; x_wconf 80' lang='lat' dir='ltr'><strong>ejus</strong></span> <span class='ocrx_word' id='word_1_39' title='bbox 639 731 647 777; x_wconf 89' lang='lat'>;</span> <span class='ocrx_word' id='word_1_40' title='bbox 657 711 803 766; x_wconf 85' lang='lat' dir='ltr'><strong>verborum</strong></span> <span class='ocrx_word' id='word_1_41' title='bbox 811 712 968 780; x_wconf 89' lang='lat' dir='ltr'><strong>jocunditas</strong></span> <span class='ocrx_word' id='word_1_42' title='bbox 975 713 1105 783; x_wconf 86' lang='lat' dir='ltr'><strong>castigata</strong></span> <span class='ocrx_word' id='word_1_43' title='bbox 1113 714 1291 771; x_wconf 87' lang='lat' dir='ltr'><strong>convivantes</strong></span> <span class='ocrx_word' id='word_1_44' title='bbox 1298 715 1326 770; x_wconf 91' lang='lat' dir='ltr'><strong>in</strong></span> <span class='ocrx_word' id='word_1_45' title='bbox 1335 732 1399 785; x_wconf 89' lang='lat' dir='ltr'><strong>epu·</strong></span> 
     </span>
     <span class='ocr_line' id='line_1_5' title="bbox 166 810 497 882; baseline 0.003 -17"><span class='ocrx_word' id='word_1_46' title='bbox 166 810 206 865; x_wconf 89' lang='lat' dir='ltr'><strong>lis</strong></span> <span class='ocrx_word' id='word_1_47' title='bbox 217 810 337 882; x_wconf 89' lang='lat' dir='ltr'><strong>amplius</strong></span> <span class='ocrx_word' id='word_1_48' title='bbox 348 812 497 866; x_wconf 85' lang='lat' dir='ltr'><strong>recreabat</strong></span> 
     </span>
    </p>

    <p class='ocr_par' dir='ltr' id='par_1_3' title="bbox 167 908 1399 1175">
     <span class='ocr_line' id='line_1_6' title="bbox 215 908 1399 975; baseline -0.001 -8"><span class='ocrx_word' id='word_1_49' title='bbox 215 910 249 969; x_wconf 70' lang='grc' dir='ltr'><strong>ὅ.</strong></span> <span class='ocrx_word' id='word_1_50' title='bbox 269 910 311 965; x_wconf 82' lang='lat' dir='ltr'><strong>lta</strong></span> <span class='ocrx_word' id='word_1_51' title='bbox 328 913 404 964; x_wconf 86' lang='lat' dir='ltr'><strong>veste</strong></span> <span class='ocrx_word' id='word_1_52' title='bbox 421 908 504 975; x_wconf 77' lang='lat' dir='ltr'><strong>rana,</strong></span> <span class='ocrx_word' id='word_1_53' title='bbox 521 908 583 964; x_wconf 92' lang='lat' dir='ltr'><strong>cibo</strong></span> <span class='ocrx_word' id='word_1_54' title='bbox 598 909 675 963; x_wconf 81' lang='lat' dir='ltr'><strong>vario</strong></span> <span class='ocrx_word' id='word_1_55' title='bbox 684 909 742 962; x_wconf 84' lang='lat' dir='ltr'><strong>vita</strong></span> <span class='ocrx_word' id='word_1_56' title='bbox 750 909 809 975; x_wconf 87' lang='lat' dir='ltr'><strong>ejus</strong></span> <span class='ocrx_word' id='word_1_57' title='bbox 821 908 892 963; x_wconf 81' lang='lat' dir='ltr'><strong>felici</strong></span> <span class='ocrx_word' id='word_1_58' title='bbox 907 909 965 964; x_wconf 90' lang='lat' dir='ltr'><strong>Deo</strong></span> <span class='ocrx_word' id='word_1_59' title='bbox 977 909 1135 975; x_wconf 82' lang='lat' dir='ltr'><strong>famulante,</strong></span> <span class='ocrx_word' id='word_1_60' title='bbox 1152 910 1252 965; x_wconf 90' lang='lat' dir='ltr'><strong>nostris</strong></span> <span class='ocrx_word' id='word_1_61' title='bbox 1263 910 1359 966; x_wconf 92' lang='lat' dir='ltr'><strong>diebus</strong></span> <span class='ocrx_word' id='word_1_62' title='bbox 1370 911 1399 966; x_wconf 90' lang='lat' dir='ltr'><strong>in</strong></span> 
     </span>
     <span class='ocr_line' id='line_1_7' title="bbox 167 1005 1399 1079; baseline 0 -16"><span class='ocrx_word' id='word_1_63' title='bbox 167 1010 233 1079; x_wconf 86' lang='lat' dir='ltr'><strong>ipso</strong></span> <span class='ocrx_word' id='word_1_64' title='bbox 249 1007 330 1063; x_wconf 90' lang='lat' dir='ltr'><strong>rediit</strong></span> <span class='ocrx_word' id='word_1_65' title='bbox 345 1005 472 1062; x_wconf 75' lang='lat' dir='ltr'><strong>Ecclesiae</strong></span> <span class='ocrx_word' id='word_1_66' title='bbox 493 1006 543 1061; x_wconf 89' lang='lat' dir='ltr'><strong>Dei</strong></span> <span class='ocrx_word' id='word_1_67' title='bbox 560 1005 682 1060; x_wconf 90' lang='lat' dir='ltr'><strong>redditus</strong></span> <span class='ocrx_word' id='word_1_68' title='bbox 703 1005 826 1076; x_wconf 74' lang='lat' dir='ltr'><strong>Baptista</strong></span> <span class='ocrx_word' id='word_1_69' title='bbox 842 1006 969 1071; x_wconf 86' lang='lat' dir='ltr'><strong>loannes,</strong></span> <span class='ocrx_word' id='word_1_70' title='bbox 990 1007 1070 1062; x_wconf 90' lang='lat' dir='ltr'><strong>rediit</strong></span> <span class='ocrx_word' id='word_1_71' title='bbox 1088 1007 1188 1077; x_wconf 89' lang='lat' dir='ltr'><strong>populo</strong></span> <span class='ocrx_word' id='word_1_72' title='bbox 1208 1008 1258 1063; x_wconf 86' lang='lat' dir='ltr'><strong>Dei</strong></span> <span class='ocrx_word' id='word_1_73' title='bbox 1278 1008 1399 1063; x_wconf 90' lang='lat' dir='ltr'><strong>redditus</strong></span> 
     </span>
     <span class='ocr_line' id='line_1_8' title="bbox 167 1103 1399 1175; baseline 0.002 -15"><span class='ocrx_word' id='word_1_74' title='bbox 167 1106 267 1160; x_wconf 79' lang='lat' dir='ltr'><strong>Aaron</strong></span> <span class='ocrx_word' id='word_1_75' title='bbox 286 1104 414 1160; x_wconf 80' lang='lat' dir='ltr'><strong>sacerdos</strong></span> <span class='ocrx_word' id='word_1_76' title='bbox 436 1120 553 1174; x_wconf 87' lang='lat' dir='ltr'><strong>magnus</strong></span> <span class='ocrx_word' id='word_1_77' title='bbox 575 1123 582 1158; x_wconf 90' lang='lat'>:</span> <span class='ocrx_word' id='word_1_78' title='bbox 601 1120 719 1174; x_wconf 88' lang='lat' dir='ltr'><strong>quorum</strong></span> <span class='ocrx_word' id='word_1_79' title='bbox 738 1103 816 1158; x_wconf 88' lang='lat' dir='ltr'><strong>alteri</strong></span> <span class='ocrx_word' id='word_1_80' title='bbox 834 1104 922 1159; x_wconf 90' lang='lat' dir='ltr'><strong>sancti</strong></span> <span class='ocrx_word' id='word_1_81' title='bbox 941 1105 1086 1160; x_wconf 87' lang='lat' dir='ltr'><strong>sacerdotii</strong></span> <span class='ocrx_word' id='word_1_82' title='bbox 1107 1105 1238 1175; x_wconf 77' lang='lat' dir='ltr'><strong>dignitate</strong></span> <span class='ocrx_word' id='word_1_83' title='bbox 1257 1123 1399 1162; x_wconf 85' lang='lat' dir='ltr'><strong>successor</strong></span> 
     </span>
    </p>
   </div>
   <div class='ocr_carea' id='block_1_3' title="bbox 169 1203 1586 1276">
    <p class='ocr_par' dir='ltr' id='par_1_4' title="bbox 169 1203 1586 1276">
     <span class='ocr_line' id='line_1_9' title="bbox 169 1203 1586 1276; baseline 0.001 -17"><span class='ocrx_word' id='word_1_84' title='bbox 169 1204 329 1273; x_wconf 90' lang='lat' dir='ltr'><strong>bonusipse</strong></span> <span class='ocrx_word' id='word_1_85' title='bbox 337 1203 397 1270; x_wconf 81' lang='lat' dir='ltr'><strong>hit,</strong></span> <span class='ocrx_word' id='word_1_86' title='bbox 408 1203 487 1258; x_wconf 90' lang='lat' dir='ltr'><strong>alteri</strong></span> <span class='ocrx_word' id='word_1_87' title='bbox 498 1203 605 1258; x_wconf 80' lang='lat' dir='ltr'><strong>fortiter</strong></span> <span class='ocrx_word' id='word_1_88' title='bbox 616 1203 731 1257; x_wconf 76' lang='lat' dir='ltr'><strong>adhaesit</strong></span> <span class='ocrx_word' id='word_1_89' title='bbox 740 1203 872 1258; x_wconf 77' lang='lat' dir='ltr'><strong>virtutum</strong></span> <span class='ocrx_word' id='word_1_90' title='bbox 882 1203 1087 1267; x_wconf 83' lang='lat' dir='ltr'><strong>exercitiis,celo</strong></span> <span class='ocrx_word' id='word_1_91' title='bbox 1093 1204 1398 1276; x_wconf 76' lang='lat' dir='ltr'><strong>justitiaecerto*usque</strong></span> <span class='ocrx_word' id='word_1_92' title='bbox 1512 1249 1519 1264; x_wconf 92' lang='lat'>.</span> <span class='ocrx_word' id='word_1_93' title='bbox 1573 1239 1586 1253; x_wconf 89' lang='lat'><strong>·</strong></span> 
     </span>
    </p>
   </div>
   <div class='ocr_carea' id='block_1_4' title="bbox 164 1301 1435 4320">
    <p class='ocr_par' dir='ltr' id='par_1_5' title="bbox 165 1301 1398 2256">
     <span class='ocr_line' id='line_1_10' title="bbox 169 1301 1398 1374; baseline 0.001 -16"><span class='ocrx_word' id='word_1_94' title='bbox 169 1303 206 1357; x_wconf 89' lang='lat' dir='ltr'><strong>ad</strong></span> <span class='ocrx_word' id='word_1_95' title='bbox 215 1307 345 1368; x_wconf 87' lang='lat' dir='ltr'><strong>mortem,</strong></span> <span class='ocrx_word' id='word_1_96' title='bbox 353 1319 409 1372; x_wconf 90' lang='lat' dir='ltr'><strong>qno</strong></span> <span class='ocrx_word' id='word_1_97' title='bbox 421 1302 547 1372; x_wconf 86' lang='lat' dir='ltr'><strong>exemplo</strong></span> <span class='ocrx_word' id='word_1_98' title='bbox 559 1301 689 1372; x_wconf 73' lang='lat' dir='ltr'><strong>Baptista</strong></span> <span class='ocrx_word' id='word_1_99' title='bbox 697 1301 825 1371; x_wconf 84' lang='lat' dir='ltr'><strong>martyris</strong></span> <span class='ocrx_word' id='word_1_100' title='bbox 834 1307 938 1372; x_wconf 79' lang='lat' dir='ltr'><strong>martyr</strong></span> <span class='ocrx_word' id='word_1_101' title='bbox 948 1302 1046 1372; x_wconf 87' lang='lat' dir='ltr'><strong>dignus</strong></span> <span class='ocrx_word' id='word_1_102' title='bbox 1062 1302 1149 1372; x_wconf 88' lang='lat' dir='ltr'><strong>gloria</strong></span> <span class='ocrx_word' id='word_1_103' title='bbox 1165 1304 1310 1359; x_wconf 85' lang='lat' dir='ltr'><strong>ethonore</strong></span> <span class='ocrx_word' id='word_1_104' title='bbox 1325 1309 1398 1374; x_wconf 90' lang='lat' dir='ltr'><strong>post·</strong></span> 
     </span>
     <span class='ocr_line' id='line_1_11' title="bbox 168 1400 1398 1470; baseline 0.001 -13"><span class='ocrx_word' id='word_1_105' title='bbox 168 1403 287 1457; x_wconf 89' lang='lat' dir='ltr'><strong>modurn</strong></span> <span class='ocrx_word' id='word_1_106' title='bbox 299 1401 399 1459; x_wconf 86' lang='lat' dir='ltr'><strong>meruit</strong></span> <span class='ocrx_word' id='word_1_107' title='bbox 410 1401 542 1456; x_wconf 85' lang='lat' dir='ltr'><strong>coronari</strong></span> <span class='ocrx_word' id='word_1_108' title='bbox 552 1401 583 1456; x_wconf 90' lang='lat' dir='ltr'><strong>ln</strong></span> <span class='ocrx_word' id='word_1_109' title='bbox 595 1417 650 1470; x_wconf 90' lang='lat' dir='ltr'><strong>quo</strong></span> <span class='ocrx_word' id='word_1_110' title='bbox 662 1401 749 1455; x_wconf 90' lang='lat' dir='ltr'><strong>sancti</strong></span> <span class='ocrx_word' id='word_1_111' title='bbox 761 1400 883 1455; x_wconf 87' lang='lat' dir='ltr'><strong>exercitii</strong></span> <span class='ocrx_word' id='word_1_112' title='bbox 895 1401 1036 1470; x_wconf 89' lang='lat' dir='ltr'><strong>procinctu</strong></span> <span class='ocrx_word' id='word_1_113' title='bbox 1048 1403 1212 1457; x_wconf 89' lang='lat' dir='ltr'><strong>constitutus</strong></span> <span class='ocrx_word' id='word_1_114' title='bbox 1223 1418 1258 1457; x_wconf 88' lang='lat' dir='ltr'><strong>na</strong></span> <span class='ocrx_word' id='word_1_115' title='bbox 1269 1403 1344 1458; x_wconf 89' lang='lat' dir='ltr'><strong>solus</strong></span> <span class='ocrx_word' id='word_1_116' title='bbox 1355 1403 1398 1458; x_wconf 90' lang='lat' dir='ltr'><strong>sui</strong></span> 
     </span>
     <span class='ocr_line' id='line_1_12' title="bbox 168 1499 1398 1571; baseline 0.002 -16"><span class='ocrx_word' id='word_1_117' title='bbox 168 1500 293 1571; x_wconf 86' lang='lat' dir='ltr'><strong>periculo</strong></span> <span class='ocrx_word' id='word_1_118' title='bbox 307 1500 406 1569; x_wconf 87' lang='lat' dir='ltr'><strong>majori</strong></span> <span class='ocrx_word' id='word_1_119' title='bbox 416 1500 584 1570; x_wconf 88' lang='lat' dir='ltr'><strong>depugnaret</strong></span> <span class='ocrx_word' id='word_1_120' title='bbox 594 1504 689 1555; x_wconf 87' lang='lat' dir='ltr'><strong>contra</strong></span> <span class='ocrx_word' id='word_1_121' title='bbox 701 1499 789 1554; x_wconf 83' lang='lat' dir='ltr'><strong>aerias</strong></span> <span class='ocrx_word' id='word_1_122' title='bbox 805 1504 962 1569; x_wconf 84' lang='lat' dir='ltr'><strong>potestates,</strong></span> <span class='ocrx_word' id='word_1_123' title='bbox 981 1505 1077 1555; x_wconf 90' lang='lat' dir='ltr'><strong>contra</strong></span> <span class='ocrx_word' id='word_1_124' title='bbox 1087 1501 1211 1556; x_wconf 87' lang='lat' dir='ltr'><strong>turbines</strong></span> <span class='ocrx_word' id='word_1_125' title='bbox 1222 1507 1250 1556; x_wconf 94' lang='lat' dir='ltr'><strong>et</strong></span> <span class='ocrx_word' id='word_1_126' title='bbox 1264 1501 1398 1558; x_wconf 89' lang='lat' dir='ltr'><strong>tumultus</strong></span> 
     </span>
     <span class='ocr_line' id='line_1_13' title="bbox 169 1597 1397 1669; baseline 0.001 -15"><span class='ocrx_word' id='word_1_127' title='bbox 169 1600 268 1655; x_wconf 91' lang='lat' dir='ltr'><strong>mnndi</strong></span> <span class='ocrx_word' id='word_1_128' title='bbox 280 1600 362 1668; x_wconf 85' lang='lat' dir='ltr'><strong>hujus</strong></span> <span class='ocrx_word' id='word_1_129' title='bbox 373 1599 402 1654; x_wconf 91' lang='lat' dir='ltr'><strong>in</strong></span> <span class='ocrx_word' id='word_1_130' title='bbox 410 1599 578 1653; x_wconf 78' lang='lat' dir='ltr'><strong>sanctosllei</strong></span> <span class='ocrx_word' id='word_1_131' title='bbox 590 1615 661 1653; x_wconf 81' lang='lat' dir='ltr'><strong>saevs</strong></span> <span class='ocrx_word' id='word_1_132' title='bbox 673 1597 817 1664; x_wconf 74' lang='lat' dir='ltr'><strong>sarientis,</strong></span> <span class='ocrx_word' id='word_1_133' title='bbox 829 1598 943 1668; x_wconf 91' lang='lat' dir='ltr'><strong>collegio</strong></span> <span class='ocrx_word' id='word_1_134' title='bbox 959 1614 1009 1653; x_wconf 91' lang='lat' dir='ltr'><strong>suo</strong></span> <span class='ocrx_word' id='word_1_135' title='bbox 1025 1598 1258 1669; x_wconf 82' lang='lat' dir='ltr'><strong>familiaritatique</strong></span> <span class='ocrx_word' id='word_1_136' title='bbox 1269 1616 1325 1654; x_wconf 78' lang='lat' dir='ltr'><strong>sun</strong></span> <span class='ocrx_word' id='word_1_137' title='bbox 1336 1617 1397 1656; x_wconf 85' lang='lat' dir='ltr'><strong>sau·</strong></span> 
     </span>
     <span class='ocr_line' id='line_1_14' title="bbox 170 1696 1397 1768; baseline 0.002 -16"><span class='ocrx_word' id='word_1_138' title='bbox 170 1702 222 1752; x_wconf 76' lang='lat' dir='ltr'><strong>cta</strong></span> <span class='ocrx_word' id='word_1_139' title='bbox 234 1697 373 1753; x_wconf 89' lang='lat' dir='ltr'><strong>studiosus</strong></span> <span class='ocrx_word' id='word_1_140' title='bbox 383 1696 547 1752; x_wconf 83' lang='lat' dir='ltr'><strong>admittebat</strong></span> <span class='ocrx_word' id='word_1_141' title='bbox 562 1712 632 1766; x_wconf 89' lang='lat' dir='ltr'><strong>quos</strong></span> <span class='ocrx_word' id='word_1_142' title='bbox 643 1696 754 1751; x_wconf 81' lang='lat' dir='ltr'><strong>videbat</strong></span> <span class='ocrx_word' id='word_1_143' title='bbox 769 1696 922 1750; x_wconf 89' lang='lat' dir='ltr'><strong>litterarum</strong></span> <span class='ocrx_word' id='word_1_144' title='bbox 938 1696 1036 1751; x_wconf 88' lang='lat' dir='ltr'><strong>studiis</strong></span> <span class='ocrx_word' id='word_1_145' title='bbox 1047 1696 1177 1764; x_wconf 90' lang='lat' dir='ltr'><strong>eruditos,</strong></span> <span class='ocrx_word' id='word_1_146' title='bbox 1191 1699 1332 1768; x_wconf 72' lang='lat' dir='ltr'><strong>sapientiae</strong></span> <span class='ocrx_word' id='word_1_147' title='bbox 1347 1699 1397 1754; x_wconf 88' lang='lat' dir='ltr'><strong>Dei</strong></span> 
     </span>
     <span class='ocr_line' id='line_1_15' title="bbox 169 1794 1397 1867; baseline 0.003 -18"><span class='ocrx_word' id='word_1_148' title='bbox 169 1794 269 1865; x_wconf 88' lang='lat' dir='ltr'><strong>spiritu</strong></span> <span class='ocrx_word' id='word_1_149' title='bbox 281 1795 425 1862; x_wconf 87' lang='lat' dir='ltr'><strong>animatos,</strong></span> <span class='ocrx_word' id='word_1_150' title='bbox 444 1795 508 1850; x_wconf 83' lang='lat' dir='ltr'><strong>vitre</strong></span> <span class='ocrx_word' id='word_1_151' title='bbox 524 1795 630 1850; x_wconf 91' lang='lat' dir='ltr'><strong>meritis</strong></span> <span class='ocrx_word' id='word_1_152' title='bbox 646 1795 802 1860; x_wconf 89' lang='lat' dir='ltr'><strong>adornatos,</strong></span> <span class='ocrx_word' id='word_1_153' title='bbox 813 1795 842 1849; x_wconf 92' lang='lat' dir='ltr'><strong>iu</strong></span> <span class='ocrx_word' id='word_1_154' title='bbox 860 1794 914 1849; x_wconf 88' lang='lat' dir='ltr'><strong>ilde</strong></span> <span class='ocrx_word' id='word_1_155' title='bbox 931 1796 1024 1860; x_wconf 79' lang='lat' dir='ltr'><strong>fortes,</strong></span> <span class='ocrx_word' id='word_1_156' title='bbox 1036 1795 1064 1850; x_wconf 91' lang='lat' dir='ltr'><strong>in</strong></span> <span class='ocrx_word' id='word_1_157' title='bbox 1081 1795 1196 1851; x_wconf 89' lang='lat' dir='ltr'><strong>consilio</strong></span> <span class='ocrx_word' id='word_1_158' title='bbox 1214 1797 1352 1867; x_wconf 89' lang='lat' dir='ltr'><strong>providos,</strong></span> <span class='ocrx_word' id='word_1_159' title='bbox 1368 1798 1397 1854; x_wconf 94' lang='lat' dir='ltr'><strong>in</strong></span> 
     </span>
     <span class='ocr_line' id='line_1_16' title="bbox 170 1892 1397 1965; baseline 0.004 -19"><span class='ocrx_word' id='word_1_160' title='bbox 170 1907 256 1961; x_wconf 91' lang='lat' dir='ltr'><strong>opere</strong></span> <span class='ocrx_word' id='word_1_161' title='bbox 267 1897 295 1947; x_wconf 87' lang='lat' dir='ltr'><strong>et</strong></span> <span class='ocrx_word' id='word_1_162' title='bbox 310 1909 436 1948; x_wconf 86' lang='lat' dir='ltr'><strong>sermone</strong></span> <span class='ocrx_word' id='word_1_163' title='bbox 447 1893 542 1949; x_wconf 83' lang='lat' dir='ltr'><strong>firmos</strong></span> <span class='ocrx_word' id='word_1_164' title='bbox 553 1897 635 1962; x_wconf 84' lang='lat' dir='ltr'><strong>atqua</strong></span> <span class='ocrx_word' id='word_1_165' title='bbox 651 1892 868 1961; x_wconf 88' lang='lat' dir='ltr'><strong>circumspectos.</strong></span> <span class='ocrx_word' id='word_1_166' title='bbox 880 1892 1002 1960; x_wconf 84' lang='lat' dir='ltr'><strong>Quomm</strong></span> <span class='ocrx_word' id='word_1_167' title='bbox 1021 1894 1161 1964; x_wconf 86' lang='lat' dir='ltr'><strong>exemplis,</strong></span> <span class='ocrx_word' id='word_1_168' title='bbox 1173 1911 1290 1965; x_wconf 90' lang='lat' dir='ltr'><strong>quornm</strong></span> <span class='ocrx_word' id='word_1_169' title='bbox 1308 1896 1397 1951; x_wconf 90' lang='lat' dir='ltr'><strong>consi·</strong></span> 
     </span>
     <span class='ocr_line' id='line_1_17' title="bbox 168 1989 1398 2064; baseline 0.006 -20"><span class='ocrx_word' id='word_1_170' title='bbox 168 1989 223 2055; x_wconf 88' lang='lat' dir='ltr'><strong>liis,</strong></span> <span class='ocrx_word' id='word_1_171' title='bbox 236 2007 352 2060; x_wconf 91' lang='lat' dir='ltr'><strong>quorum</strong></span> <span class='ocrx_word' id='word_1_172' title='bbox 366 2008 449 2061; x_wconf 89' lang='lat' dir='ltr'><strong>opera</strong></span> <span class='ocrx_word' id='word_1_173' title='bbox 466 1991 589 2062; x_wconf 75' lang='lat' dir='ltr'><strong>vigilanti</strong></span> <span class='ocrx_word' id='word_1_174' title='bbox 606 1991 775 2046; x_wconf 79' lang='lat' dir='ltr'><strong>confortatus</strong></span> <span class='ocrx_word' id='word_1_175' title='bbox 784 1991 812 2046; x_wconf 94' lang='lat' dir='ltr'><strong>iu</strong></span> <span class='ocrx_word' id='word_1_176' title='bbox 824 1991 951 2055; x_wconf 89' lang='lat' dir='ltr'><strong>Domino,</strong></span> <span class='ocrx_word' id='word_1_177' title='bbox 962 1992 1105 2062; x_wconf 89' lang='lat' dir='ltr'><strong>utriusque</strong></span> <span class='ocrx_word' id='word_1_178' title='bbox 1116 1992 1220 2048; x_wconf 75' lang='lat' dir='ltr'><strong>militiae</strong></span> <span class='ocrx_word' id='word_1_179' title='bbox 1232 1994 1261 2048; x_wconf 93' lang='lat' dir='ltr'><strong>in</strong></span> <span class='ocrx_word' id='word_1_180' title='bbox 1271 1995 1398 2064; x_wconf 84' lang='lat' dir='ltr'><strong>palaestra</strong></span> 
     </span>
     <span class='ocr_line' id='line_1_18' title="bbox 166 2087 1398 2161; baseline 0.006 -20"><span class='ocrx_word' id='word_1_181' title='bbox 166 2088 227 2157; x_wconf 84' lang='lat' dir='ltr'><strong>jugi</strong></span> <span class='ocrx_word' id='word_1_182' title='bbox 244 2087 403 2160; x_wconf 84' lang='lat' dir='ltr'><strong>lubricaque</strong></span> <span class='ocrx_word' id='word_1_183' title='bbox 420 2105 480 2145; x_wconf 87' lang='lat' dir='ltr'><strong>sese</strong></span> <span class='ocrx_word' id='word_1_184' title='bbox 499 2088 621 2144; x_wconf 67' lang='lat' dir='ltr'><strong>murias</strong></span> <span class='ocrx_word' id='word_1_185' title='bbox 632 2088 784 2154; x_wconf 85' lang='lat' dir='ltr'><strong>exercebat,</strong></span> <span class='ocrx_word' id='word_1_186' title='bbox 803 2088 920 2143; x_wconf 82' lang='lat' dir='ltr'><strong>fideliter</strong></span> <span class='ocrx_word' id='word_1_187' title='bbox 939 2089 1107 2145; x_wconf 88' lang='lat' dir='ltr'><strong>contendens</strong></span> <span class='ocrx_word' id='word_1_188' title='bbox 1123 2089 1237 2145; x_wconf 87' lang='lat' dir='ltr'><strong>reddere</strong></span> <span class='ocrx_word' id='word_1_189' title='bbox 1254 2107 1315 2161; x_wconf 79' lang='lat' dir='ltr'><strong>qun</strong></span> <span class='ocrx_word' id='word_1_190' title='bbox 1333 2097 1398 2148; x_wconf 91' lang='lat' dir='ltr'><strong>sunt</strong></span> 
     </span>
     <span class='ocr_line' id='line_1_19' title="bbox 165 2183 1094 2256; baseline 0.002 -18"><span class='ocrx_word' id='word_1_191' title='bbox 165 2183 286 2238; x_wconf 71' lang='lat' dir='ltr'><strong>assatis</strong></span> <span class='ocrx_word' id='word_1_192' title='bbox 298 2185 398 2241; x_wconf 78' lang='lat' dir='ltr'><strong>(laseri</strong></span> <span class='ocrx_word' id='word_1_193' title='bbox 410 2190 586 2256; x_wconf 77' lang='lat' dir='ltr'><strong>etquasunt</strong></span> <span class='ocrx_word' id='word_1_194' title='bbox 596 2185 646 2240; x_wconf 88' lang='lat' dir='ltr'><strong>Dei</strong></span> <span class='ocrx_word' id='word_1_195' title='bbox 657 2184 723 2239; x_wconf 86' lang='lat' dir='ltr'><strong>Deo.</strong></span> <span class='ocrx_word' id='word_1_196' title='bbox 1092 2221 1094 2227; x_wconf 43' lang='grc' dir='ltr'><strong><em>ι</em></strong></span> 
     </span>
    </p>

    <p class='ocr_par' dir='ltr' id='par_1_6' title="bbox 165 2279 1435 3336">
     <span class='ocr_line' id='line_1_20' title="bbox 211 2279 1395 2353; baseline 0.002 -15"><span class='ocrx_word' id='word_1_197' title='bbox 211 2279 246 2339; x_wconf 81' lang='grc'><strong>8.</strong></span> <span class='ocrx_word' id='word_1_198' title='bbox 266 2282 417 2353; x_wconf 80' lang='lat' dir='ltr'><strong>Angloram</strong></span> <span class='ocrx_word' id='word_1_199' title='bbox 435 2298 500 2352; x_wconf 85' lang='lat' dir='ltr'><strong>ergo</strong></span> <span class='ocrx_word' id='word_1_200' title='bbox 517 2297 640 2352; x_wconf 90' lang='lat' dir='ltr'><strong>regnum,</strong></span> <span class='ocrx_word' id='word_1_201' title='bbox 657 2281 788 2351; x_wconf 86' lang='lat' dir='ltr'><strong>quamdiu</strong></span> <span class='ocrx_word' id='word_1_202' title='bbox 805 2297 858 2351; x_wconf 80' lang='lat' dir='ltr'><strong>pax</strong></span> <span class='ocrx_word' id='word_1_203' title='bbox 870 2281 994 2350; x_wconf 86' lang='lat' dir='ltr'><strong>regnavit</strong></span> <span class='ocrx_word' id='word_1_204' title='bbox 1010 2281 1081 2337; x_wconf 90' lang='lat' dir='ltr'><strong>inter</strong></span> <span class='ocrx_word' id='word_1_205' title='bbox 1097 2283 1185 2352; x_wconf 89' lang='lat' dir='ltr'><strong>ipsum</strong></span> <span class='ocrx_word' id='word_1_206' title='bbox 1203 2288 1232 2338; x_wconf 87' lang='lat' dir='ltr'><strong>st</strong></span> <span class='ocrx_word' id='word_1_207' title='bbox 1247 2284 1395 2340; x_wconf 89' lang='lat' dir='ltr'><strong>Henricum</strong></span> 
     </span>
     <span class='ocr_line' id='line_1_21' title="bbox 169 2376 1435 2450; baseline 0.002 -16"><span class='ocrx_word' id='word_1_208' title='bbox 169 2396 273 2450; x_wconf 87' lang='lat' dir='ltr'><strong>regem,</strong></span> <span class='ocrx_word' id='word_1_209' title='bbox 284 2379 418 2434; x_wconf 87' lang='lat' dir='ltr'><strong>industria</strong></span> <span class='ocrx_word' id='word_1_210' title='bbox 428 2383 456 2434; x_wconf 89' lang='lat' dir='ltr'><strong>et</strong></span> <span class='ocrx_word' id='word_1_211' title='bbox 466 2379 567 2433; x_wconf 83' lang='lat' dir='ltr'><strong>virtute</strong></span> <span class='ocrx_word' id='word_1_212' title='bbox 581 2393 681 2447; x_wconf 86' lang='lat' dir='ltr'><strong>magna</strong></span> <span class='ocrx_word' id='word_1_213' title='bbox 691 2376 835 2446; x_wconf 86' lang='lat' dir='ltr'><strong>magnifice</strong></span> <span class='ocrx_word' id='word_1_214' title='bbox 846 2377 1027 2432; x_wconf 83' lang='lat' dir='ltr'><strong>confirmavit</strong></span> <span class='ocrx_word' id='word_1_215' title='bbox 1039 2377 1127 2448; x_wconf 86' lang='lat' dir='ltr'><strong>Regni</strong></span> <span class='ocrx_word' id='word_1_216' title='bbox 1138 2380 1271 2450; x_wconf 87' lang='lat' dir='ltr'><strong>superbos</strong></span> <span class='ocrx_word' id='word_1_217' title='bbox 1283 2382 1396 2436; x_wconf 82' lang='lat' dir='ltr'><strong>contun-</strong></span> <span class='ocrx_word' id='word_1_218' title='bbox 1432 2409 1435 2415; x_wconf 95' lang='lat'>·</span> 
     </span>
     <span class='ocr_line' id='line_1_22' title="bbox 168 2475 1395 2548; baseline 0.002 -15"><span class='ocrx_word' id='word_1_219' title='bbox 168 2477 261 2543; x_wconf 84' lang='lat' dir='ltr'><strong>debat,</strong></span> <span class='ocrx_word' id='word_1_220' title='bbox 272 2477 349 2547; x_wconf 90' lang='lat' dir='ltr'><strong>regni</strong></span> <span class='ocrx_word' id='word_1_221' title='bbox 356 2475 476 2531; x_wconf 74' lang='lat' dir='ltr'><strong>humiles</strong></span> <span class='ocrx_word' id='word_1_222' title='bbox 484 2475 661 2540; x_wconf 75' lang='lat' dir='ltr'><strong>confovebat;</strong></span> <span class='ocrx_word' id='word_1_223' title='bbox 671 2475 802 2544; x_wconf 91' lang='lat' dir='ltr'><strong>reprobos</strong></span> <span class='ocrx_word' id='word_1_224' title='bbox 813 2475 985 2545; x_wconf 86' lang='lat' dir='ltr'><strong>reprobabat,</strong></span> <span class='ocrx_word' id='word_1_225' title='bbox 993 2477 1095 2545; x_wconf 90' lang='lat' dir='ltr'><strong>probos</strong></span> <span class='ocrx_word' id='word_1_226' title='bbox 1103 2478 1160 2548; x_wconf 84' lang='lat' dir='ltr'><strong>regi</strong></span> <span class='ocrx_word' id='word_1_227' title='bbox 1171 2481 1395 2545; x_wconf 87' lang='lat' dir='ltr'><strong>commendabat;</strong></span> 
     </span>
     <span class='ocr_line' id='line_1_23' title="bbox 167 2574 1397 2648; baseline 0.003 -17"><span class='ocrx_word' id='word_1_228' title='bbox 167 2576 313 2646; x_wconf 91' lang='lat' dir='ltr'><strong>improbos</strong></span> <span class='ocrx_word' id='word_1_229' title='bbox 324 2575 509 2646; x_wconf 68' lang='lat' dir='ltr'><strong>impugnabat,</strong></span> <span class='ocrx_word' id='word_1_230' title='bbox 519 2591 603 2645; x_wconf 89' lang='lat' dir='ltr'><strong>reguo</strong></span> <span class='ocrx_word' id='word_1_231' title='bbox 615 2575 731 2629; x_wconf 86' lang='lat' dir='ltr'><strong>devotos</strong></span> <span class='ocrx_word' id='word_1_232' title='bbox 743 2574 894 2639; x_wconf 63' lang='lat' dir='ltr'><strong>exultabam</strong></span> <span class='ocrx_word' id='word_1_233' title='bbox 907 2575 1005 2643; x_wconf 86' lang='lat' dir='ltr'><strong>viduis,</strong></span> <span class='ocrx_word' id='word_1_234' title='bbox 1016 2577 1155 2646; x_wconf 81' lang='lat' dir='ltr'><strong>orphanis,</strong></span> <span class='ocrx_word' id='word_1_235' title='bbox 1167 2579 1303 2648; x_wconf 88' lang='lat' dir='ltr'><strong>oppressis</strong></span> <span class='ocrx_word' id='word_1_236' title='bbox 1319 2580 1397 2635; x_wconf 89' lang='lat' dir='ltr'><strong>auxi-</strong></span> 
     </span>
     <span class='ocr_line' id='line_1_24' title="bbox 167 2672 1396 2743; baseline 0.004 -13"><span class='ocrx_word' id='word_1_237' title='bbox 167 2675 237 2730; x_wconf 91' lang='lat' dir='ltr'><strong>lium</strong></span> <span class='ocrx_word' id='word_1_238' title='bbox 249 2679 340 2730; x_wconf 90' lang='lat' dir='ltr'><strong>tutum</strong></span> <span class='ocrx_word' id='word_1_239' title='bbox 353 2679 425 2739; x_wconf 88' lang='lat' dir='ltr'><strong>erat;</strong></span> <span class='ocrx_word' id='word_1_240' title='bbox 436 2673 616 2738; x_wconf 85' lang='lat' dir='ltr'><strong>exactoribus,</strong></span> <span class='ocrx_word' id='word_1_241' title='bbox 628 2689 663 2728; x_wconf 88' lang='lat' dir='ltr'><strong>ne</strong></span> <span class='ocrx_word' id='word_1_242' title='bbox 674 2672 821 2728; x_wconf 84' lang='lat' dir='ltr'><strong>transirent</strong></span> <span class='ocrx_word' id='word_1_243' title='bbox 832 2673 921 2743; x_wconf 87' lang='lat' dir='ltr'><strong>legum</strong></span> <span class='ocrx_word' id='word_1_244' title='bbox 933 2674 1011 2741; x_wconf 87' lang='lat' dir='ltr'><strong>fines,</strong></span> <span class='ocrx_word' id='word_1_245' title='bbox 1020 2675 1193 2731; x_wconf 88' lang='lat' dir='ltr'><strong>obstaculum</strong></span> <span class='ocrx_word' id='word_1_246' title='bbox 1206 2677 1317 2733; x_wconf 86' lang='lat' dir='ltr'><strong>tirmum</strong></span> <span class='ocrx_word' id='word_1_247' title='bbox 1329 2685 1396 2736; x_wconf 83' lang='lat' dir='ltr'><strong>erat</strong></span> 
     </span>
     <span class='ocr_line' id='line_1_25' title="bbox 167 2772 1396 2844; baseline 0.004 -16"><span class='ocrx_word' id='word_1_248' title='bbox 167 2774 211 2828; x_wconf 91' lang='lat' dir='ltr'><strong>lta</strong></span> <span class='ocrx_word' id='word_1_249' title='bbox 220 2773 296 2843; x_wconf 85' lang='lat' dir='ltr'><strong>regui</strong></span> <span class='ocrx_word' id='word_1_250' title='bbox 304 2789 400 2843; x_wconf 89' lang='lat' dir='ltr'><strong>pacem</strong></span> <span class='ocrx_word' id='word_1_251' title='bbox 411 2789 578 2843; x_wconf 88' lang='lat' dir='ltr'><strong>persequens</strong></span> <span class='ocrx_word' id='word_1_252' title='bbox 586 2773 662 2842; x_wconf 89' lang='lat' dir='ltr'><strong>pacis</strong></span> <span class='ocrx_word' id='word_1_253' title='bbox 670 2777 785 2837; x_wconf 87' lang='lat' dir='ltr'><strong>amator,</strong></span> <span class='ocrx_word' id='word_1_254' title='bbox 797 2772 954 2841; x_wconf 78' lang='lat' dir='ltr'><strong>inquirebat</strong></span> <span class='ocrx_word' id='word_1_255' title='bbox 967 2778 999 2828; x_wconf 91' lang='lat' dir='ltr'><strong>ut</strong></span> <span class='ocrx_word' id='word_1_256' title='bbox 1009 2774 1083 2828; x_wconf 87' lang='lat' dir='ltr'><strong>Deus</strong></span> <span class='ocrx_word' id='word_1_257' title='bbox 1091 2776 1165 2844; x_wconf 89' lang='lat' dir='ltr'><strong>pacis</strong></span> <span class='ocrx_word' id='word_1_258' title='bbox 1176 2781 1274 2832; x_wconf 89' lang='lat' dir='ltr'><strong>auctor</strong></span> <span class='ocrx_word' id='word_1_259' title='bbox 1285 2782 1313 2832; x_wconf 86' lang='lat' dir='ltr'><strong>et</strong></span> <span class='ocrx_word' id='word_1_260' title='bbox 1320 2794 1396 2832; x_wconf 89' lang='lat' dir='ltr'><strong>ama-</strong></span> 
     </span>
     <span class='ocr_line' id='line_1_26' title="bbox 168 2870 1396 2942; baseline 0.005 -17"><span class='ocrx_word' id='word_1_261' title='bbox 168 2875 213 2927; x_wconf 90' lang='lat' dir='ltr'><strong>tor</strong></span> <span class='ocrx_word' id='word_1_262' title='bbox 222 2887 337 2942; x_wconf 87' lang='lat' dir='ltr'><strong>reguum</strong></span> <span class='ocrx_word' id='word_1_263' title='bbox 345 2871 489 2941; x_wconf 80' lang='lat' dir='ltr'><strong>pacificum</strong></span> <span class='ocrx_word' id='word_1_264' title='bbox 500 2870 664 2941; x_wconf 73' lang='lat' dir='ltr'><strong>gubernaret</strong></span> <span class='ocrx_word' id='word_1_265' title='bbox 671 2876 700 2925; x_wconf 92' lang='lat' dir='ltr'><strong>et</strong></span> <span class='ocrx_word' id='word_1_266' title='bbox 709 2886 763 2940; x_wconf 85' lang='lat' dir='ltr'><strong>pax</strong></span> <span class='ocrx_word' id='word_1_267' title='bbox 775 2871 834 2939; x_wconf 81' lang='lat' dir='ltr'><strong>ejus</strong></span> <span class='ocrx_word' id='word_1_268' title='bbox 843 2875 915 2925; x_wconf 87' lang='lat' dir='ltr'><strong>esset</strong></span> <span class='ocrx_word' id='word_1_269' title='bbox 922 2887 1100 2940; x_wconf 80' lang='lat' dir='ltr'><strong>perseverans</strong></span> <span class='ocrx_word' id='word_1_270' title='bbox 1108 2875 1138 2928; x_wconf 91' lang='lat' dir='ltr'><strong>in</strong></span> <span class='ocrx_word' id='word_1_271' title='bbox 1148 2873 1308 2930; x_wconf 89' lang='lat' dir='ltr'><strong>hominibus</strong></span> <span class='ocrx_word' id='word_1_272' title='bbox 1316 2875 1396 2931; x_wconf 82' lang='lat' dir='ltr'><strong>bonae</strong></span> 
     </span>
     <span class='ocr_line' id='line_1_27' title="bbox 167 2968 1397 3041; baseline 0.005 -17"><span class='ocrx_word' id='word_1_273' title='bbox 167 2969 326 3025; x_wconf 82' lang='lat' dir='ltr'><strong>voluntatis</strong></span> <span class='ocrx_word' id='word_1_274' title='bbox 345 2969 495 3026; x_wconf 84' lang='lat' dir='ltr'><strong>Ecclesiam</strong></span> <span class='ocrx_word' id='word_1_275' title='bbox 515 2985 581 3024; x_wconf 86' lang='lat' dir='ltr'><strong>vero</strong></span> <span class='ocrx_word' id='word_1_276' title='bbox 600 2969 650 3024; x_wconf 85' lang='lat' dir='ltr'><strong>Dei</strong></span> <span class='ocrx_word' id='word_1_277' title='bbox 673 2968 702 3023; x_wconf 92' lang='lat' dir='ltr'><strong>in</strong></span> <span class='ocrx_word' id='word_1_278' title='bbox 721 2968 872 3038; x_wconf 81' lang='lat' dir='ltr'><strong>Anglomm</strong></span> <span class='ocrx_word' id='word_1_279' title='bbox 893 2986 976 3039; x_wconf 86' lang='lat' dir='ltr'><strong>reguo</strong></span> <span class='ocrx_word' id='word_1_280' title='bbox 996 2987 1157 3041; x_wconf 79' lang='lat' dir='ltr'><strong>praeponens</strong></span> <span class='ocrx_word' id='word_1_281' title='bbox 1177 2973 1305 3029; x_wconf 89' lang='lat' dir='ltr'><strong>omnibns</strong></span> <span class='ocrx_word' id='word_1_282' title='bbox 1324 2975 1397 3030; x_wconf 89' lang='lat' dir='ltr'><strong>curis</strong></span> 
     </span>
     <span class='ocr_line' id='line_1_28' title="bbox 167 3067 1397 3140; baseline 0.006 -18"><span class='ocrx_word' id='word_1_283' title='bbox 167 3067 353 3138; x_wconf 90' lang='lat' dir='ltr'><strong>omnibusque</strong></span> <span class='ocrx_word' id='word_1_284' title='bbox 369 3067 560 3123; x_wconf 73' lang='lat' dir='ltr'><strong>alienioribus</strong></span> <span class='ocrx_word' id='word_1_285' title='bbox 575 3067 722 3122; x_wconf 81' lang='lat' dir='ltr'><strong>mundanas</strong></span> <span class='ocrx_word' id='word_1_286' title='bbox 739 3083 796 3123; x_wconf 81' lang='lat' dir='ltr'><strong>suae</strong></span> <span class='ocrx_word' id='word_1_287' title='bbox 813 3067 860 3133; x_wconf 90' lang='lat' dir='ltr'><strong>rei,</strong></span> <span class='ocrx_word' id='word_1_288' title='bbox 877 3085 927 3138; x_wconf 92' lang='lat' dir='ltr'><strong>pro</strong></span> <span class='ocrx_word' id='word_1_289' title='bbox 944 3085 995 3124; x_wconf 89' lang='lat' dir='ltr'><strong>sna</strong></span> <span class='ocrx_word' id='word_1_290' title='bbox 1011 3070 1142 3140; x_wconf 84' lang='lat' dir='ltr'><strong>dignitate</strong></span> <span class='ocrx_word' id='word_1_291' title='bbox 1159 3072 1287 3127; x_wconf 89' lang='lat' dir='ltr'><strong>omuibus</strong></span> <span class='ocrx_word' id='word_1_292' title='bbox 1298 3073 1397 3130; x_wconf 88' lang='lat' dir='ltr'><strong>studiis</strong></span> 
     </span>
     <span class='ocr_line' id='line_1_29' title="bbox 165 3166 1395 3239; baseline 0.006 -19"><span class='ocrx_word' id='word_1_293' title='bbox 165 3166 313 3221; x_wconf 87' lang='lat' dir='ltr'><strong>laborabat</strong></span> <span class='ocrx_word' id='word_1_294' title='bbox 323 3173 354 3222; x_wconf 93' lang='lat' dir='ltr'><strong>ut</strong></span> <span class='ocrx_word' id='word_1_295' title='bbox 365 3168 423 3223; x_wconf 89' lang='lat' dir='ltr'><strong>Deo</strong></span> <span class='ocrx_word' id='word_1_296' title='bbox 434 3168 535 3222; x_wconf 84' lang='lat' dir='ltr'><strong>devota</strong></span> <span class='ocrx_word' id='word_1_297' title='bbox 545 3166 667 3230; x_wconf 75' lang='lat' dir='ltr'><strong>serviret,</strong></span> <span class='ocrx_word' id='word_1_298' title='bbox 677 3183 727 3221; x_wconf 83' lang='lat' dir='ltr'><strong>sua</strong></span> <span class='ocrx_word' id='word_1_299' title='bbox 735 3166 896 3221; x_wconf 86' lang='lat' dir='ltr'><strong>omnimoda</strong></span> <span class='ocrx_word' id='word_1_300' title='bbox 906 3167 1007 3222; x_wconf 85' lang='lat' dir='ltr'><strong>florens</strong></span> <span class='ocrx_word' id='word_1_301' title='bbox 1019 3173 1046 3223; x_wconf 91' lang='lat' dir='ltr'><strong>et</strong></span> <span class='ocrx_word' id='word_1_302' title='bbox 1057 3170 1179 3239; x_wconf 80' lang='lat' dir='ltr'><strong>gaudem</strong></span> <span class='ocrx_word' id='word_1_303' title='bbox 1191 3171 1305 3239; x_wconf 90' lang='lat' dir='ltr'><strong>pristina</strong></span> <span class='ocrx_word' id='word_1_304' title='bbox 1316 3171 1395 3228; x_wconf 91' lang='lat' dir='ltr'><strong>liber·</strong></span> 
     </span>
     <span class='ocr_line' id='line_1_30' title="bbox 165 3258 1289 3336; baseline 0.004 -17"><span class='ocrx_word' id='word_1_305' title='bbox 165 3270 232 3330; x_wconf 85' lang='lat' dir='ltr'><strong>tate,</strong></span> <span class='ocrx_word' id='word_1_306' title='bbox 241 3280 302 3336; x_wconf 80' lang='lat' dir='ltr'><strong>qnoe</strong></span> <span class='ocrx_word' id='word_1_307' title='bbox 311 3266 340 3321; x_wconf 92' lang='lat' dir='ltr'><strong>in</strong></span> <span class='ocrx_word' id='word_1_308' title='bbox 348 3266 498 3336; x_wconf 69' lang='lat' dir='ltr'><strong>anglorum</strong></span> <span class='ocrx_word' id='word_1_309' title='bbox 507 3258 592 3335; x_wconf 71' lang='lat' dir='ltr'><strong>regui&gt;</strong></span> <span class='ocrx_word' id='word_1_310' title='bbox 600 3265 652 3320; x_wconf 90' lang='lat' dir='ltr'><strong>sub</strong></span> <span class='ocrx_word' id='word_1_311' title='bbox 665 3266 786 3333; x_wconf 80' lang='lat' dir='ltr'><strong>tyrannis</strong></span> <span class='ocrx_word' id='word_1_312' title='bbox 797 3265 906 3335; x_wconf 89' lang='lat' dir='ltr'><strong>regibus</strong></span> <span class='ocrx_word' id='word_1_313' title='bbox 917 3283 990 3336; x_wconf 81' lang='lat' dir='ltr'><strong>saepe</strong></span> <span class='ocrx_word' id='word_1_314' title='bbox 1001 3283 1134 3323; x_wconf 88' lang='lat' dir='ltr'><strong>concussa</strong></span> <span class='ocrx_word' id='word_1_315' title='bbox 1145 3268 1289 3324; x_wconf 81' lang='lat' dir='ltr'><strong>laboravit</strong></span> 
     </span>
    </p>

    <p class='ocr_par' dir='ltr' id='par_1_7' title="bbox 164 3360 1397 4122">
     <span class='ocr_line' id='line_1_31' title="bbox 208 3360 1396 3438; baseline 0.003 -18"><span class='ocrx_word' id='word_1_316' title='bbox 208 3363 242 3420; x_wconf 81' lang='grc'><strong>’7.</strong></span> <span class='ocrx_word' id='word_1_317' title='bbox 264 3364 456 3434; x_wconf 77' lang='lat' dir='ltr'><strong>Sudraganeos</strong></span> <span class='ocrx_word' id='word_1_318' title='bbox 473 3379 539 3419; x_wconf 88' lang='lat' dir='ltr'><strong>suos</strong></span> <span class='ocrx_word' id='word_1_319' title='bbox 557 3362 633 3417; x_wconf 90' lang='lat' dir='ltr'><strong>omni</strong></span> <span class='ocrx_word' id='word_1_320' title='bbox 649 3362 736 3432; x_wconf 87' lang='lat' dir='ltr'><strong>gratia</strong></span> <span class='ocrx_word' id='word_1_321' title='bbox 751 3360 924 3423; x_wconf 85' lang='lat' dir='ltr'><strong>&#39;honorabat</strong></span> <span class='ocrx_word' id='word_1_322' title='bbox 942 3368 970 3418; x_wconf 87' lang='lat' dir='ltr'><strong>ct</strong></span> <span class='ocrx_word' id='word_1_323' title='bbox 987 3365 1027 3419; x_wconf 90' lang='lat' dir='ltr'><strong>eis</strong></span> <span class='ocrx_word' id='word_1_324' title='bbox 1048 3365 1243 3421; x_wconf 85' lang='lat' dir='ltr'><strong>exhorrescens</strong></span> <span class='ocrx_word' id='word_1_325' title='bbox 1261 3367 1396 3438; x_wconf 86' lang='lat' dir='ltr'><strong>imperare</strong></span> 
     </span>
     <span class='ocr_line' id='line_1_32' title="bbox 164 3459 1397 3533; baseline 0.003 -17"><span class='ocrx_word' id='word_1_326' title='bbox 164 3462 302 3533; x_wconf 88' lang='lat' dir='ltr'><strong>primatus</strong></span> <span class='ocrx_word' id='word_1_327' title='bbox 313 3463 355 3517; x_wconf 90' lang='lat' dir='ltr'><strong>sni</strong></span> <span class='ocrx_word' id='word_1_328' title='bbox 373 3460 534 3530; x_wconf 88' lang='lat' dir='ltr'><strong>dignitatem</strong></span> <span class='ocrx_word' id='word_1_329' title='bbox 551 3459 591 3515; x_wconf 90' lang='lat' dir='ltr'><strong>eis</strong></span> <span class='ocrx_word' id='word_1_330' title='bbox 608 3459 697 3514; x_wconf 86' lang='lat' dir='ltr'><strong>iacere</strong></span> <span class='ocrx_word' id='word_1_331' title='bbox 708 3459 821 3515; x_wconf 85' lang='lat' dir='ltr'><strong>nolebat</strong></span> <span class='ocrx_word' id='word_1_332' title='bbox 837 3475 991 3515; x_wconf 87' lang='lat' dir='ltr'><strong>onerosam.</strong></span> <span class='ocrx_word' id='word_1_333' title='bbox 1003 3461 1064 3516; x_wconf 86' lang='lat' dir='ltr'><strong>Non</strong></span> <span class='ocrx_word' id='word_1_334' title='bbox 1076 3462 1150 3517; x_wconf 89' lang='lat' dir='ltr'><strong>enim</strong></span> <span class='ocrx_word' id='word_1_335' title='bbox 1163 3463 1203 3517; x_wconf 89' lang='lat' dir='ltr'><strong>eis</strong></span> <span class='ocrx_word' id='word_1_336' title='bbox 1220 3463 1397 3520; x_wconf 87' lang='lat' dir='ltr'><strong>incumbebat</strong></span> 
     </span>
     <span class='ocr_line' id='line_1_33' title="bbox 164 3557 1396 3639; baseline 0.002 -23"><span class='ocrx_word' id='word_1_337' title='bbox 164 3576 257 3630; x_wconf 86' lang='lat' dir='ltr'><strong>neque</strong></span> <span class='ocrx_word' id='word_1_338' title='bbox 269 3576 350 3629; x_wconf 78' lang='lat' dir='ltr'><strong>super</strong></span> <span class='ocrx_word' id='word_1_339' title='bbox 359 3576 407 3615; x_wconf 86' lang='lat' dir='ltr'><strong>eos</strong></span> <span class='ocrx_word' id='word_1_340' title='bbox 415 3559 515 3629; x_wconf 85' lang='lat' dir='ltr'><strong>agebat</strong></span> <span class='ocrx_word' id='word_1_341' title='bbox 526 3557 605 3639; x_wconf 87' lang='lat' dir='ltr'><strong>quasi</strong></span> <span class='ocrx_word' id='word_1_342' title='bbox 616 3557 703 3612; x_wconf 88' lang='lat' dir='ltr'><strong>libera</strong></span> <span class='ocrx_word' id='word_1_343' title='bbox 710 3563 791 3612; x_wconf 89' lang='lat' dir='ltr'><strong>utens</strong></span> <span class='ocrx_word' id='word_1_344' title='bbox 800 3562 942 3627; x_wconf 88' lang='lat' dir='ltr'><strong>potestate,</strong></span> <span class='ocrx_word' id='word_1_345' title='bbox 952 3558 1000 3613; x_wconf 85' lang='lat' dir='ltr'><strong>sed</strong></span> <span class='ocrx_word' id='word_1_346' title='bbox 1009 3559 1110 3614; x_wconf 87' lang='lat' dir='ltr'><strong>virtuts</strong></span> <span class='ocrx_word' id='word_1_347' title='bbox 1120 3561 1197 3616; x_wconf 81' lang='lat' dir='ltr'><strong>verbi</strong></span> <span class='ocrx_word' id='word_1_348' title='bbox 1205 3562 1256 3616; x_wconf 90' lang='lat' dir='ltr'><strong>Dei</strong></span> <span class='ocrx_word' id='word_1_349' title='bbox 1264 3578 1312 3617; x_wconf 91' lang='lat' dir='ltr'><strong>eos</strong></span> <span class='ocrx_word' id='word_1_350' title='bbox 1320 3579 1396 3617; x_wconf 90' lang='lat' dir='ltr'><strong>man-</strong></span> 
     </span>
     <span class='ocr_line' id='line_1_34' title="bbox 165 3655 1396 3717; baseline 0.002 -2"><span class='ocrx_word' id='word_1_351' title='bbox 165 3664 262 3715; x_wconf 87' lang='lat' dir='ltr'><strong>suetus</strong></span> <span class='ocrx_word' id='word_1_352' title='bbox 274 3659 406 3714; x_wconf 86' lang='lat' dir='ltr'><strong>exorabat</strong></span> <span class='ocrx_word' id='word_1_353' title='bbox 414 3663 444 3713; x_wconf 90' lang='lat' dir='ltr'><strong>ut</strong></span> <span class='ocrx_word' id='word_1_354' title='bbox 455 3657 577 3712; x_wconf 88' lang='lat' dir='ltr'><strong>tunicam</strong></span> <span class='ocrx_word' id='word_1_355' title='bbox 586 3655 777 3712; x_wconf 89' lang='lat' dir='ltr'><strong>inconsutilem</strong></span> <span class='ocrx_word' id='word_1_356' title='bbox 786 3656 851 3712; x_wconf 79' lang='lat' dir='ltr'><strong>issu</strong></span> <span class='ocrx_word' id='word_1_357' title='bbox 863 3657 964 3712; x_wconf 84' lang='lat' dir='ltr'><strong>Christi</strong></span> <span class='ocrx_word' id='word_1_358' title='bbox 976 3658 1052 3712; x_wconf 90' lang='lat' dir='ltr'><strong>omni</strong></span> <span class='ocrx_word' id='word_1_359' title='bbox 1063 3659 1154 3714; x_wconf 91' lang='lat' dir='ltr'><strong>studio</strong></span> <span class='ocrx_word' id='word_1_360' title='bbox 1164 3660 1277 3715; x_wconf 76' lang='lat' dir='ltr'><strong>illesam</strong></span> <span class='ocrx_word' id='word_1_361' title='bbox 1286 3678 1396 3717; x_wconf 88' lang='lat' dir='ltr'><strong>conser-</strong></span> 
     </span>
     <span class='ocr_line' id='line_1_35' title="bbox 164 3755 1396 3830; baseline 0.002 -17"><span class='ocrx_word' id='word_1_362' title='bbox 164 3762 272 3822; x_wconf 86' lang='lat' dir='ltr'><strong>rarent,</strong></span> <span class='ocrx_word' id='word_1_363' title='bbox 281 3757 357 3813; x_wconf 90' lang='lat' dir='ltr'><strong>omni</strong></span> <span class='ocrx_word' id='word_1_364' title='bbox 366 3773 432 3812; x_wconf 89' lang='lat' dir='ltr'><strong>cura</strong></span> <span class='ocrx_word' id='word_1_365' title='bbox 443 3756 575 3811; x_wconf 91' lang='lat' dir='ltr'><strong>mundam</strong></span> <span class='ocrx_word' id='word_1_366' title='bbox 587 3760 616 3810; x_wconf 91' lang='lat' dir='ltr'><strong>et</strong></span> <span class='ocrx_word' id='word_1_367' title='bbox 627 3755 756 3810; x_wconf 90' lang='lat' dir='ltr'><strong>intactam</strong></span> <span class='ocrx_word' id='word_1_368' title='bbox 768 3755 797 3810; x_wconf 94' lang='lat' dir='ltr'><strong>in</strong></span> <span class='ocrx_word' id='word_1_369' title='bbox 809 3755 907 3810; x_wconf 89' lang='lat' dir='ltr'><strong>decora</strong></span> <span class='ocrx_word' id='word_1_370' title='bbox 919 3773 970 3811; x_wconf 90' lang='lat' dir='ltr'><strong>suo</strong></span> <span class='ocrx_word' id='word_1_371' title='bbox 982 3757 1159 3823; x_wconf 85' lang='lat' dir='ltr'><strong>custodirent,</strong></span> <span class='ocrx_word' id='word_1_372' title='bbox 1168 3759 1244 3814; x_wconf 92' lang='lat' dir='ltr'><strong>omni</strong></span> <span class='ocrx_word' id='word_1_373' title='bbox 1256 3760 1396 3830; x_wconf 82' lang='lat' dir='ltr'><strong>vigilantia</strong></span> 
     </span>
     <span class='ocr_line' id='line_1_36' title="bbox 164 3851 1396 3923; baseline 0.003 -13"><span class='ocrx_word' id='word_1_374' title='bbox 164 3855 241 3910; x_wconf 82' lang='lat' dir='ltr'><strong>iures</strong></span> <span class='ocrx_word' id='word_1_375' title='bbox 250 3860 278 3909; x_wconf 91' lang='lat' dir='ltr'><strong>et</strong></span> <span class='ocrx_word' id='word_1_376' title='bbox 287 3854 407 3909; x_wconf 87' lang='lat' dir='ltr'><strong>latrones</strong></span> <span class='ocrx_word' id='word_1_377' title='bbox 419 3853 455 3908; x_wconf 88' lang='lat' dir='ltr'><strong>ab</strong></span> <span class='ocrx_word' id='word_1_378' title='bbox 464 3869 497 3908; x_wconf 90' lang='lat' dir='ltr'><strong>ea</strong></span> <span class='ocrx_word' id='word_1_379' title='bbox 505 3851 602 3923; x_wconf 88' lang='lat' dir='ltr'><strong>procul</strong></span> <span class='ocrx_word' id='word_1_380' title='bbox 609 3857 741 3917; x_wconf 85' lang='lat' dir='ltr'><strong>arcerent,</strong></span> <span class='ocrx_word' id='word_1_381' title='bbox 750 3857 778 3907; x_wconf 92' lang='lat' dir='ltr'><strong>et</strong></span> <span class='ocrx_word' id='word_1_382' title='bbox 786 3852 837 3922; x_wconf 91' lang='lat' dir='ltr'><strong>ipsi</strong></span> <span class='ocrx_word' id='word_1_383' title='bbox 846 3853 1068 3923; x_wconf 88' lang='lat' dir='ltr'><strong>obtemperantes</strong></span> <span class='ocrx_word' id='word_1_384' title='bbox 1078 3856 1214 3911; x_wconf 87' lang='lat' dir='ltr'><strong>mandatis</strong></span> <span class='ocrx_word' id='word_1_385' title='bbox 1220 3857 1285 3912; x_wconf 84' lang='lat' dir='ltr'><strong>lesu</strong></span> <span class='ocrx_word' id='word_1_386' title='bbox 1294 3858 1396 3914; x_wconf 88' lang='lat' dir='ltr'><strong>Christi</strong></span> 
     </span>
     <span class='ocr_line' id='line_1_37' title="bbox 165 3951 1396 4026; baseline 0.003 -18"><span class='ocrx_word' id='word_1_387' title='bbox 165 3953 278 4009; x_wconf 87' lang='lat' dir='ltr'><strong>decreta</strong></span> <span class='ocrx_word' id='word_1_388' title='bbox 294 3969 431 4008; x_wconf 89' lang='lat' dir='ltr'><strong>canonum</strong></span> <span class='ocrx_word' id='word_1_389' title='bbox 450 3957 478 4007; x_wconf 94' lang='lat' dir='ltr'><strong>et</strong></span> <span class='ocrx_word' id='word_1_390' title='bbox 488 3955 646 4006; x_wconf 88' lang='lat' dir='ltr'><strong>sanctornm</strong></span> <span class='ocrx_word' id='word_1_391' title='bbox 664 3956 773 4021; x_wconf 88' lang='lat' dir='ltr'><strong>patmm</strong></span> <span class='ocrx_word' id='word_1_392' title='bbox 785 3951 940 4008; x_wconf 86' lang='lat' dir='ltr'><strong>sanctiones</strong></span> <span class='ocrx_word' id='word_1_393' title='bbox 952 3954 1084 4008; x_wconf 84' lang='lat' dir='ltr'><strong>tenendas</strong></span> <span class='ocrx_word' id='word_1_394' title='bbox 1095 3954 1231 4011; x_wconf 87' lang='lat' dir='ltr'><strong>irremisse</strong></span> <span class='ocrx_word' id='word_1_395' title='bbox 1243 3957 1396 4026; x_wconf 88' lang='lat' dir='ltr'><strong>promulga-</strong></span> 
     </span>
     <span class='ocr_line' id='line_1_38' title="bbox 164 4050 827 4122; baseline -0.003 -16"><span class='ocrx_word' id='word_1_396' title='bbox 164 4057 228 4108; x_wconf 89' lang='lat' dir='ltr'><strong>rent</strong></span> <span class='ocrx_word' id='word_1_397' title='bbox 236 4052 345 4122; x_wconf 89' lang='lat' dir='ltr'><strong>populis</strong></span> <span class='ocrx_word' id='word_1_398' title='bbox 352 4051 406 4107; x_wconf 90' lang='lat' dir='ltr'><strong>sibi</strong></span> <span class='ocrx_word' id='word_1_399' title='bbox 415 4056 443 4106; x_wconf 89' lang='lat' dir='ltr'><strong>et</strong></span> <span class='ocrx_word' id='word_1_400' title='bbox 451 4051 518 4120; x_wconf 90' lang='lat' dir='ltr'><strong>ipsis</strong></span> <span class='ocrx_word' id='word_1_401' title='bbox 526 4067 544 4104; x_wconf 91' lang='lat' dir='ltr'><strong>a</strong></span> <span class='ocrx_word' id='word_1_402' title='bbox 551 4051 611 4105; x_wconf 88' lang='lat' dir='ltr'><strong>Deo</strong></span> <span class='ocrx_word' id='word_1_403' title='bbox 620 4050 827 4105; x_wconf 89' lang='lat' dir='ltr'><strong>commendatis.</strong></span> 
     </span>
    </p>

    <p class='ocr_par' dir='ltr' id='par_1_8' title="bbox 165 4146 1396 4320">
     <span class='ocr_line' id='line_1_39' title="bbox 206 4146 1395 4222; baseline 0.003 -19"><span class='ocrx_word' id='word_1_404' title='bbox 206 4148 242 4208; x_wconf 79' lang='grc'><strong>8.</strong></span> <span class='ocrx_word' id='word_1_405' title='bbox 263 4149 323 4219; x_wconf 85' lang='lat' dir='ltr'><strong>lpse</strong></span> <span class='ocrx_word' id='word_1_406' title='bbox 335 4163 401 4202; x_wconf 84' lang='lat' dir='ltr'><strong>vero</strong></span> <span class='ocrx_word' id='word_1_407' title='bbox 413 4147 552 4217; x_wconf 88' lang='lat' dir='ltr'><strong>imperans</strong></span> <span class='ocrx_word' id='word_1_408' title='bbox 564 4146 632 4202; x_wconf 88' lang='lat' dir='ltr'><strong>dure</strong></span> <span class='ocrx_word' id='word_1_409' title='bbox 641 4146 701 4212; x_wconf 92' lang='lat' dir='ltr'><strong>sibi,</strong></span> <span class='ocrx_word' id='word_1_410' title='bbox 712 4150 775 4216; x_wconf 91' lang='lat' dir='ltr'><strong>post</strong></span> <span class='ocrx_word' id='word_1_411' title='bbox 790 4146 898 4202; x_wconf 84' lang='lat' dir='ltr'><strong>labores</strong></span> <span class='ocrx_word' id='word_1_412' title='bbox 913 4147 1013 4217; x_wconf 91' lang='lat' dir='ltr'><strong>quibus</strong></span> <span class='ocrx_word' id='word_1_413' title='bbox 1024 4148 1081 4203; x_wconf 90' lang='lat' dir='ltr'><strong>suis</strong></span> <span class='ocrx_word' id='word_1_414' title='bbox 1096 4149 1241 4215; x_wconf 83' lang='lat' dir='ltr'><strong>serviebat,</strong></span> <span class='ocrx_word' id='word_1_415' title='bbox 1253 4152 1281 4206; x_wconf 90' lang='lat' dir='ltr'><strong>in</strong></span> <span class='ocrx_word' id='word_1_416' title='bbox 1297 4153 1395 4222; x_wconf 84' lang='lat' dir='ltr'><strong>vigiliis</strong></span> 
     </span>
     <span class='ocr_line' id='line_1_40' title="bbox 165 4243 1396 4320; baseline 0.002 -18"><span class='ocrx_word' id='word_1_417' title='bbox 165 4251 193 4302; x_wconf 92' lang='lat' dir='ltr'><strong>et</strong></span> <span class='ocrx_word' id='word_1_418' title='bbox 212 4245 383 4301; x_wconf 91' lang='lat' dir='ltr'><strong>orationibus</strong></span> <span class='ocrx_word' id='word_1_419' title='bbox 402 4244 461 4298; x_wconf 88' lang='lat' dir='ltr'><strong>Deo</strong></span> <span class='ocrx_word' id='word_1_420' title='bbox 478 4243 590 4297; x_wconf 89' lang='lat' dir='ltr'><strong>sedulus</strong></span> <span class='ocrx_word' id='word_1_421' title='bbox 606 4243 751 4298; x_wconf 82' lang='lat' dir='ltr'><strong>serviebat</strong></span> <span class='ocrx_word' id='word_1_422' title='bbox 768 4243 851 4312; x_wconf 83' lang='lat' dir='ltr'><strong>Crrjus</strong></span> <span class='ocrx_word' id='word_1_423' title='bbox 872 4243 1005 4298; x_wconf 89' lang='lat' dir='ltr'><strong>humilem</strong></span> <span class='ocrx_word' id='word_1_424' title='bbox 1026 4246 1186 4301; x_wconf 79' lang='lat' dir='ltr'><strong>servItutem</strong></span> <span class='ocrx_word' id='word_1_425' title='bbox 1204 4246 1243 4301; x_wconf 93' lang='lat' dir='ltr'><strong>ita</strong></span> <span class='ocrx_word' id='word_1_426' title='bbox 1262 4247 1396 4320; x_wconf 87' lang='lat' dir='ltr'><strong>benignus</strong></span> 
     </span>
    </p>
   </div>
   <div class='ocr_carea' id='block_1_5' title="bbox 164 4339 1397 4708">
    <p class='ocr_par' dir='ltr' id='par_1_9' title="bbox 164 4339 1397 4708">
     <span class='ocr_line' id='line_1_41' title="bbox 167 4339 1397 4413; baseline 0.003 -15"><span class='ocrx_word' id='word_1_427' title='bbox 167 4345 244 4398; x_wconf 85' lang='lat' dir='ltr'><strong>Dens</strong></span> <span class='ocrx_word' id='word_1_428' title='bbox 255 4342 415 4412; x_wconf 88' lang='lat' dir='ltr'><strong>acceptabat</strong></span> <span class='ocrx_word' id='word_1_429' title='bbox 424 4345 456 4396; x_wconf 91' lang='lat' dir='ltr'><strong>ut</strong></span> <span class='ocrx_word' id='word_1_430' title='bbox 466 4341 496 4395; x_wconf 92' lang='lat' dir='ltr'><strong>in</strong></span> <span class='ocrx_word' id='word_1_431' title='bbox 507 4339 678 4395; x_wconf 87' lang='lat' dir='ltr'><strong>orationibus</strong></span> <span class='ocrx_word' id='word_1_432' title='bbox 689 4341 789 4410; x_wconf 90' lang='lat' dir='ltr'><strong>quibus</strong></span> <span class='ocrx_word' id='word_1_433' title='bbox 797 4341 854 4395; x_wconf 90' lang='lat' dir='ltr'><strong>Deo</strong></span> <span class='ocrx_word' id='word_1_434' title='bbox 863 4340 908 4410; x_wconf 90' lang='lat' dir='ltr'><strong>pie</strong></span> <span class='ocrx_word' id='word_1_435' title='bbox 919 4341 1100 4398; x_wconf 80' lang='lat' dir='ltr'><strong>confabulans</strong></span> <span class='ocrx_word' id='word_1_436' title='bbox 1108 4345 1236 4413; x_wconf 87' lang='lat' dir='ltr'><strong>gustabat</strong></span> <span class='ocrx_word' id='word_1_437' title='bbox 1247 4351 1275 4400; x_wconf 94' lang='lat' dir='ltr'><strong>et</strong></span> <span class='ocrx_word' id='word_1_438' title='bbox 1285 4347 1397 4402; x_wconf 84' lang='lat' dir='ltr'><strong>videbat</strong></span> 
     </span>
     <span class='ocr_line' id='line_1_42' title="bbox 166 4439 1396 4514; baseline 0.003 -16"><span class='ocrx_word' id='word_1_439' title='bbox 166 4459 253 4514; x_wconf 87' lang='lat' dir='ltr'><strong>quarn</strong></span> <span class='ocrx_word' id='word_1_440' title='bbox 265 4441 358 4497; x_wconf 82' lang='lat' dir='ltr'><strong>suavis</strong></span> <span class='ocrx_word' id='word_1_441' title='bbox 375 4445 417 4495; x_wconf 89' lang='lat' dir='ltr'><strong>est</strong></span> <span class='ocrx_word' id='word_1_442' title='bbox 428 4439 570 4504; x_wconf 88' lang='lat' dir='ltr'><strong>Dominus,</strong></span> <span class='ocrx_word' id='word_1_443' title='bbox 578 4440 701 4494; x_wconf 79' lang='lat' dir='ltr'><strong>suaviter</strong></span> <span class='ocrx_word' id='word_1_444' title='bbox 717 4440 824 4494; x_wconf 90' lang='lat' dir='ltr'><strong>arderet</strong></span> <span class='ocrx_word' id='word_1_445' title='bbox 834 4440 863 4494; x_wconf 93' lang='lat' dir='ltr'><strong>in</strong></span> <span class='ocrx_word' id='word_1_446' title='bbox 880 4456 975 4495; x_wconf 84' lang='lat' dir='ltr'><strong>amore</strong></span> <span class='ocrx_word' id='word_1_447' title='bbox 992 4441 1042 4495; x_wconf 88' lang='lat' dir='ltr'><strong>Dei</strong></span> <span class='ocrx_word' id='word_1_448' title='bbox 1055 4441 1165 4511; x_wconf 88' lang='lat' dir='ltr'><strong>spiritns</strong></span> <span class='ocrx_word' id='word_1_449' title='bbox 1176 4444 1243 4512; x_wconf 81' lang='lat' dir='ltr'><strong>ejus,</strong></span> <span class='ocrx_word' id='word_1_450' title='bbox 1254 4450 1282 4500; x_wconf 89' lang='lat' dir='ltr'><strong>et</strong></span> <span class='ocrx_word' id='word_1_451' title='bbox 1298 4446 1396 4503; x_wconf 87' lang='lat' dir='ltr'><strong>ardore</strong></span> 
     </span>
     <span class='ocr_line' id='line_1_43' title="bbox 165 4537 1395 4614; baseline 0.003 -16"><span class='ocrx_word' id='word_1_452' title='bbox 165 4557 269 4613; x_wconf 89' lang='lat' dir='ltr'><strong>magno</strong></span> <span class='ocrx_word' id='word_1_453' title='bbox 286 4539 435 4610; x_wconf 74' lang='lat' dir='ltr'><strong>liquefacta</strong></span> <span class='ocrx_word' id='word_1_454' title='bbox 451 4539 538 4601; x_wconf 85' lang='lat' dir='ltr'><strong>nubes</strong></span> <span class='ocrx_word' id='word_1_455' title='bbox 550 4537 705 4594; x_wconf 84' lang='lat' dir='ltr'><strong>devotionis</strong></span> <span class='ocrx_word' id='word_1_456' title='bbox 717 4538 776 4607; x_wconf 87' lang='lat' dir='ltr'><strong>ejus</strong></span> <span class='ocrx_word' id='word_1_457' title='bbox 787 4554 892 4609; x_wconf 79' lang='lat' dir='ltr'><strong>magnas</strong></span> <span class='ocrx_word' id='word_1_458' title='bbox 909 4539 1092 4595; x_wconf 82' lang='lat' dir='ltr'><strong>resolveretur</strong></span> <span class='ocrx_word' id='word_1_459' title='bbox 1108 4540 1137 4596; x_wconf 90' lang='lat' dir='ltr'><strong>in</strong></span> <span class='ocrx_word' id='word_1_460' title='bbox 1153 4541 1256 4612; x_wconf 88' lang='lat' dir='ltr'><strong>largam</strong></span> <span class='ocrx_word' id='word_1_461' title='bbox 1274 4543 1395 4614; x_wconf 84' lang='lat' dir='ltr'><strong>pluriam</strong></span> 
     </span>
     <span class='ocr_line' id='line_1_44' title="bbox 164 4636 1395 4708; baseline 0.002 -11"><span class='ocrx_word' id='word_1_462' title='bbox 164 4641 350 4697; x_wconf 85' lang='lat' dir='ltr'><strong>lacrimarum.</strong></span> <span class='ocrx_word' id='word_1_463' title='bbox 360 4638 420 4706; x_wconf 88' lang='lat' dir='ltr'><strong>Qua</strong></span> <span class='ocrx_word' id='word_1_464' title='bbox 432 4638 519 4708; x_wconf 88' lang='lat' dir='ltr'><strong>gratia</strong></span> <span class='ocrx_word' id='word_1_465' title='bbox 527 4637 642 4708; x_wconf 88' lang='lat' dir='ltr'><strong>Spiritus</strong></span> <span class='ocrx_word' id='word_1_466' title='bbox 651 4636 738 4691; x_wconf 89' lang='lat' dir='ltr'><strong>sancti</strong></span> <span class='ocrx_word' id='word_1_467' title='bbox 747 4637 775 4691; x_wconf 87' lang='lat' dir='ltr'><strong>iu</strong></span> <span class='ocrx_word' id='word_1_468' title='bbox 787 4637 875 4706; x_wconf 91' lang='lat' dir='ltr'><strong>ipsum</strong></span> <span class='ocrx_word' id='word_1_469' title='bbox 888 4637 998 4708; x_wconf 88' lang='lat' dir='ltr'><strong>largiter</strong></span> <span class='ocrx_word' id='word_1_470' title='bbox 1009 4639 1145 4696; x_wconf 84' lang='lat' dir='ltr'><strong>effluentis</strong></span> <span class='ocrx_word' id='word_1_471' title='bbox 1156 4642 1240 4697; x_wconf 88' lang='lat' dir='ltr'><strong>etiam</strong></span> <span class='ocrx_word' id='word_1_472' title='bbox 1251 4642 1323 4698; x_wconf 87' lang='lat' dir='ltr'><strong>inter</strong></span> <span class='ocrx_word' id='word_1_473' title='bbox 1332 4644 1395 4699; x_wconf 92' lang='lat' dir='ltr'><strong>mis·</strong></span> 
     </span>
    </p>
   </div>
   <div class='ocr_carea' id='block_1_6' title="bbox 0 0 1628 5392">
    <p class='ocr_par' dir='ltr' id='par_1_10' title="bbox 0 0 1628 5392">
     <span class='ocr_line' id='line_1_45' title="bbox 0 0 1628 5392; baseline 0 1"><span class='ocrx_word' id='word_1_474' title='bbox 0 0 1628 5392; x_wconf 95' lang='lat' dir='ltr'><strong> </strong></span> 
     </span>
    </p>
   </div>
  </div>
 </body>
</html>
