3248 5392
343 324 434 374 nisu.
452 322 532 374 nra.
552 322 723 374 nnuxrm.
743 344 789 353 -
808 323 955 376 terrun.
974 325 1020 376 su
1038 324 1117 377 con.
1136 317 1173 375 ΝΟ
1189 325 1312 377 isso-n.
1369 305 1440 376 303

207 534 258 569 uec
279 524 379 569 motum
399 519 426 569 iu
438 533 466 570 sc
482 519 598 569 retinent
608 520 747 583 corporis:
759 520 807 585 qui
824 536 875 570 riou
888 520 995 586 quidem
1006 520 1150 585 adorandi,
1162 521 1208 572 sed
1217 521 1307 586 potius
1318 521 1378 585 ipae
1386 537 1440 573 crc-

210 619 313 669 mandi
324 623 396 680 sunt,
412 633 445 668 ne
462 618 590 669 suadente
606 618 712 669 diabolo
727 618 801 681 falsa
817 619 854 669 ud
868 634 895 671 se
910 620 1076 670 ueneratione
1086 619 1357 685 stultospertrahant.
1370 621 1441 672 Mihi

208 717 284 766 euim
303 716 473 767 amandaret
489 716 615 767 colendus
631 721 669 767 est
689 715 821 779 Christus,
834 716 968 767 Dominus
979 733 1061 779 meus,
1078 719 1127 784 qui
1143 717 1212 768 mihi
1227 720 1308 769 vitam
1316 719 1442 785 polliceri

209 815 357 879 dicuutur,
365 815 415 866 sub
429 815 508 879 cujus
521 815 634 880 imperio
646 815 736 879 arrpeli
744 815 892 866 consistunt
904 816 933 866 in
945 816 1016 875 calo,
1028 817 1107 880 eujus
1117 819 1282 868 veneratione
1290 819 1381 868 omnia
1393 818 1440 868 ele

173 915 191 963 b
210 921 302 965 menta
313 921 480 966 tremescunt.

253 1011 288 1068 3.
310 1011 467 1065 Aurilianus
483 1010 631 1078 imperator
643 1009 711 1062 dixit
722 1012 788 1064 :Per
799 1027 888 1063 omnes
899 1013 961 1064 deos
972 1028 1043 1064 meos
1047 1013 1117 1078 juro
1128 1014 1184 1076 tibi,
1191 1016 1349 1080 promittens
1361 1017 1439 1081 quod,

209 1113 238 1164 si
249 1112 319 1163 mihi
327 1125 455 1162 aerumma
465 1110 556 1174 fueris
567 1116 590 1160 ct
601 1110 657 1160 diis
669 1110 735 1161 meis
747 1109 952 1173 sacrificaveris,
960 1110 1148 1161 dulcissimum
1158 1111 1245 1175 filium
1256 1128 1344 1163 meum
1354 1113 1439 1164 Aure·

209 1212 281 1264 lium
293 1210 419 1262 sortieris
431 1209 555 1273 conjupio
564 1225 596 1259 ac
603 1223 659 1273 pru
667 1209 854 1272 mannitudine
867 1209 1082 1274 pulchritudinis
1090 1215 1141 1261 tus
1153 1211 1181 1260 iu
1193 1211 1270 1261 dontio
1279 1227 1336 1262 rnen
1344 1218 1439 1264 cuncta

209 1311 269 1362 oris
287 1309 330 1361 tui
345 1308 524 1372 srebjicientur
541 1308 655 1372 imperio
665 1323 674 1358 :
686 1308 751 1373 quia
770 1308 871 1373 inclyta
888 1309 1008 1359 nationis
1022 1309 1108 1360 oriris
1117 1311 1272 1375 propapine.
1286 1309 1339 1362 Sed
1352 1312 1439 1362 nescio

161 1404 192 1454 10
211 1424 266 1475 qna
284 1424 367 1460 causa
381 1407 569 1473 perversitatis
588 1407 617 1457 in
633 1405 684 1457 hac
696 1406 849 1472 pertinacia
865 1407 1002 1458 detineris.
1020 1405 1106 1458 Beata
1125 1405 1258 1459 Columba
1277 1407 1438 1476 respondit:

209 1507 407 1558 Promissioais
426 1512 477 1556 tuoe
495 1510 641 1570 contempta
658 1504 783 1570 pertidia,
803 1504 871 1555 mih-l
891 1506 1041 1569 consepelica
1063 1507 1193 1556 oriuntur
1211 1508 1338 1572 exmupla.
1360 1508 1439 1573 Quia,

209 1606 321 1671 quando
337 1605 466 1670 ornianus
490 1603 582 1667 hostis,
604 1603 684 1667 cujus
704 1603 735 1654 in
754 1609 778 1654 te
795 1605 905 1668 oestipia
922 1605 1090 1669 referuntur,
1102 1604 1190 1657 tribue
1207 1621 1234 1657 sc
1250 1608 1440 1659 tentationibus

209 1712 305 1757 contra
320 1704 464 1756 Dominum
476 1719 563 1754 meum
574 1703 679 1767 enipeus
691 1719 723 1754 nc
740 1703 770 1753 in
781 1710 893 1754 montem
905 1704 1037 1754 excelsum
1046 1705 1179 1756 deducens
1190 1706 1272 1766 valde,
1290 1707 1403 1758 odendit
1414 1708 1440 1758 ei

208 1804 303 1855 omnia
312 1818 395 1867 repna
408 1801 504 1852 muudi
512 1807 535 1852 et
543 1801 660 1866 planiam
672 1801 738 1865 dus,
747 1801 837 1852 diceres
846 1818 855 1852 .·
864 1800 895 1851 Si
905 1802 1048 1866 procidens
1059 1802 1219 1854 adoraveris
1230 1820 1278 1866 me,
1286 1804 1339 1856 brec
1347 1807 1439 1856 onmia

161 1895 191 1948 lb
207 1902 259 1954 tibi
267 1901 354 1953 dabo:
366 1907 430 1952 tuuc
442 1901 484 1951 illi
495 1900 633 1965 respondit
645 1899 780 1951 Dominus
792 1916 865 1951 meus
876 1899 958 1951 Jesus
969 1918 979 1951 .·
992 1900 1064 1952 l'ade
1075 1908 1155 1966 retra,
1165 1902 1297 1967 Satanas;
1308 1905 1437 1970 scriptum

208 2001 425 2053 est:1)ominam
438 1999 524 2050 Deum
536 2005 613 2050 tuum
631 1999 760 2050 adorabis
780 2005 804 2062 ct
824 1999 869 2050 illi
878 2000 930 2051 soli
941 2001 1047 2052 servies.
1059 2000 1154 2064 Hujus
1164 2003 1279 2068 exempli
1289 2004 1379 2054 instar
1389 2004 1438 2055 do·

208 2100 358 2150 uenationis
369 2104 419 2150 tusc
430 2100 530 2150 sociam
535 2113 587 2164 per
595 2099 681 2150 nvevlta
693 2115 733 2150 mc
744 2100 853 2150 conaris
864 2099 954 2162 facere
966 2105 1125 2163 arpumento
1142 2116 1174 2151 nc
1190 2101 1224 2151 ab
1242 2117 1333 2154 amore
1346 2104 1439 2155 mermi

207 2199 312 2264 sponsi,
323 2205 446 2263 tyranne,
458 2198 614 2262 disjunperc
625 2198 705 2263 copis,
723 2213 804 2264 quam
821 2213 875 2249 nou
892 2198 991 2249 valebis
1007 2198 1040 2249 ab
1056 2200 1163 2250 utcrrds
1178 2200 1346 2266 amplexione
1362 2217 1438 2268 sepa·

207 2310 284 2347 rare.
307 2295 349 2346 Tu
365 2303 389 2347 et
404 2296 480 2360 {ilius
497 2301 568 2359 tuus,
586 2311 663 2362 quem
674 2296 814 2361 mansalia
825 2296 897 2359 jura
909 2297 946 2347 ad
962 2312 1061 2348 morem
1078 2297 1166 2363 ipsius
1183 2304 1294 2350 terrene
1308 2300 1382 2358 fecis
1398 2316 1438 2352 me

161 2388 189 2443 Ιθ
202 2395 367 2460 pertrahere
378 2395 450 2456 celis,
465 2411 526 2446 cum
544 2401 652 2447 auctore
663 2400 748 2446 vestro
759 2395 873 2458 diabolo,
885 2411 961 2461 quens
979 2396 1113 2459 confiteris
1123 2396 1260 2459 fallaciter
1271 2413 1326 2450 esse
1345 2398 1438 2459 Deum,

207 2491 307 2543 mortis
323 2497 424 2544 merua
443 2492 584 2543 mereberis
602 2491 746 2558 supplicio,
764 2492 821 2543 uisi
840 2492 987 2543 Dominum
1006 2508 1092 2543 meum
1111 2493 1249 2544 Christum
1268 2501 1329 2546 arcte
1342 2497 1438 2562 primu

207 2592 306 2642 mortis
326 2591 466 2642 introitum
486 2591 649 2655 confessione
670 2590 821 2657 placaveris
839 2590 909 2655 fidei.
935 2591 992 2656 Epo
1014 2593 1107 2642 eterni
1128 2593 1204 2657 repul
1223 2593 1357 2645 destinata
1376 2610 1437 2646 sum

206 2688 325 2739 muneri.
337 2688 408 2739 Num
421 2705 474 2756 per
490 2689 542 2741 huc
552 2690 715 2740 transitoria
732 2704 789 2755 qus
803 2689 870 2739 mihi
887 2690 1035 2740 sollicitans
1043 2690 1188 2756 polliceris,
1198 2693 1227 2742 iu
1240 2693 1314 2744 nullo
1324 2693 1394 2744 mihi
1404 2693 1437 2745 ab

206 2788 350 2853 copuleris
359 2787 473 2838 deviare.
484 2788 555 2852 Quia
567 2794 662 2839 sterria
674 2803 733 2839 sum
745 2790 846 2839 sociato
859 2803 963 2854 sponso,
973 2790 1107 2840 moritura
1124 2790 1218 2841 carnis
1234 2789 1335 2855 lepibus
1346 2791 1437 2843 subire
1486 2848 1487 2851 Ἴ

161 2884 189 2934 lb
207 2901 261 2938 nun
278 2901 400 2953 possum.
421 2883 585 2938 Aurelianus
605 2884 673 2937 dixit
685 2903 692 2937 :
705 2886 793 2937 Msdta
810 2887 860 2937 tibi
876 2887 1089 2953 adloquendum
1110 2888 1190 2939 verba
1206 2888 1372 2941 subveniunt.
1391 2890 1436 2941 Au

205 2991 284 3048 certe,
291 2985 319 3036 si
327 2985 436 3035 minime
449 2986 522 3049 meis,
534 2991 564 3036 ut
575 2985 644 3048 dixi,
655 2984 851 3049 sacrificaveris
861 2985 924 3048 diis,
933 2985 1052 3050 amplius
1061 2985 1187 3037 inducias
1196 3001 1249 3037 non
1257 2986 1382 3048 habebis;
1390 2987 1437 3039 scd

204 3087 230 3131 te
246 3081 366 3146 turpiter
384 3080 503 3132 delusam
521 3088 616 3147 stupro
629 3082 689 3146 ipnc
700 3097 820 3133 cremare
821 3080 927 3145 jubebo.
936 3080 1022 3133 Beata
1031 3080 1165 3134 Columba
1177 3081 1331 3150 respondit:
1342 3083 1436 3136 Potens

205 3184 244 3230 est
257 3180 421 3245 omnipotens
436 3180 508 3231 Deus
517 3181 645 3231 ancillam
657 3196 735 3232 suam
747 3181 867 3232 inlusum
878 3181 1057 3232 membrorum
1065 3182 1256 3247 pudendorum
1266 3183 1436 3234 circumdare

204 3277 318 3328 tutelam
336 3279 414 3329 acad
430 3279 595 3343 cirpinitutis
606 3266 753 3345 perducere
759 3280 883 3346 palmam
890 3297 901 3343 ,·
916 3281 981 3346 qevia
989 3295 1043 3346 pro
1057 3281 1143 3345 ipsim
1154 3281 1316 3344 confessione
1327 3287 1389 3332 tuas
1406 3283 1434 3333 iu

161 3374 187 3427 30
205 3374 331 3426 omuibus
339 3382 439 3440 parata
448 3392 508 3427 sum
517 3382 709 3428 tormentorum
721 3377 841 3428 iusidias
852 3377 975 3440 tolerare,
987 3384 1016 3427 ut
1027 3379 1083 3442 ipse
1091 3393 1131 3429 me
1148 3379 1178 3428 in
1194 3385 1331 3445 conspectu
1343 3394 1435 3446 super·

205 3488 306 3525 narum
320 3474 418 3525 civium
429 3474 669 3541 contemplabiliter
677 3491 807 3527 cororsare
815 3475 942 3539 diprsetur
953 3490 985 3525 ac
998 3476 1068 3526 inter
1076 3481 1177 3526 ceteras
1189 3491 1266 3527 suam
1276 3476 1436 3542 profiteatur

203 3578 359 3636 martyram
370 3589 434 3624 esse.

245 3667 280 3723 4.
303 3666 379 3721 Tunc
391 3667 554 3721 Aurelianus
567 3668 658 3721 surore
668 3672 824 3721 commotus
835 3666 863 3719 in
876 3666 1088 3735 amphiteatrum
1099 3683 1159 3719 eam
1173 3667 1270 3720 deduci
1279 3668 1361 3734 jussit
1369 3684 1434 3720 con·

203 3766 338 3828 strictam,
351 3781 383 3817 ac
399 3764 531 3817 carcereis
549 3763 665 3817 vinculis
682 3763 824 3817 subnixius
842 3762 981 3826 custodiri,
993 3763 1152 3831 praeoipiens
1168 3762 1288 3832 perquiri
1302 3763 1433 3831 juvenem

161 3869 186 3920 35
203 3866 402 3935 turpissimum,
411 3863 532 3918 libidinis
547 3879 643 3916 amore
657 3879 827 3917 succensum.
839 3862 900 3929 Quo
912 3862 1032 3926 invento,
1045 3863 1189 3932 imperarit
1200 3864 1225 3917 ei
1241 3863 1361 3917 studium
1373 3880 1433 3933 pra·

203 3964 297 4019 vitatis
314 3965 344 4018 in
360 3962 493 4031 virginem
511 3978 645 4026 exercere,
664 3963 756 4015 dicens
775 3981 781 4015 :
804 3963 876 4015 Vade
895 3965 924 4014 in
941 3963 1159 4030 amphiteatrum,
1177 3964 1223 4014 ubi
1238 3970 1342 4016 tenetur
1357 3966 1432 4032 vtrpo

203 4066 311 4117 inclusa
326 4063 462 4127 Columba,
476 4063 553 4115 abuti
569 4079 607 4114 ea.
626 4060 747 4115 Audiens
764 4060 818 4126 ille,
829 4060 939 4128 gavisus
958 4059 1009 4113 sibi
1028 4061 1100 4113 hena
1111 4060 1249 4114 licentiam
1267 4062 1432 4130 prestitisse,

202 4178 313 4217 summa
334 4161 479 4215 velocitate
496 4161 616 4228 perrexit
634 4160 669 4213 ad
680 4159 822 4227 virginem.
840 4159 964 4227 Cumque
982 4159 1066 4228 ipsius
1084 4159 1186 4213 cellulae
1202 4160 1307 4214 iuribus
1324 4161 1433 4230 propin·

202 4262 322 4328 quiesset,
335 4258 415 4311 besta
427 4257 561 4311 Columba
579 4258 688 4311 intuens
706 4273 769 4310 eum
787 4256 873 4309 dixit:
889 4259 960 4323 Qrcid
977 4276 1036 4310 cnm
1052 4266 1128 4311 tanto
1144 4261 1282 4324 ferocitate
1291 4277 1432 4326 pnoperas,

161 4357 184 4412 id
195 4360 332 4425 jurcnisi
343 4358 388 4409 Ad
398 4359 550 4420 videndum,
562 4358 732 4425 turpioribus
747 4358 866 4410 moribus
884 4359 1010 4409 retineris
1019 4357 1041 4410 ⁴¹.
1059 4358 1219 4422 infirmitate
1230 4366 1330 4411 retenta
1343 4376 1431 4423 sexus,

201 4465 287 4511 tecum
304 4464 408 4509 certare
422 4473 475 4509 nan
490 4473 607 4523 possum.
623 4458 676 4508 Sed
692 4459 759 4522 licet,
772 4457 919 4509 Dominum
934 4473 1022 4508 merem
1037 4459 1127 4509 iuooca
1140 4457 1285 4521 Christum,
1298 4460 1346 4525 qui
1360 4476 1399 4511 me
1414 4477 1432 4511 a

200 4558 257 4609 tuis
267 4556 381 4608 insidiis
391 4556 509 4607 valenter
520 4557 624 4622 eripme
632 4562 725 4622 potest,
737 4572 770 4607 ne
781 4555 849 4607 mihi
866 4557 920 4607 vim
936 4556 1026 4620 facere
1033 4557 1132 4621 possis.
1149 4554 1201 4607 Sed
1213 4555 1278 4608 dnm
1291 4556 1348 4623 ipse
1360 4555 1432 4608 limi·

200 4653 316 4708 naribus
328 4653 405 4706 ostiis
422 4656 561 4722 peteretur
579 4653 724 4722 ingressus,
739 4654 774 4706 ad
792 4669 854 4706 earn
871 4652 990 4721 perrexit
1000 4652 1090 4720 velox,
1102 4657 1133 4707 ut
1151 4653 1251 4707 ineam
1269 4655 1372 4709 amoris
1389 4655 1431 4708 sui

1516 4352 1529 4383 *
1538 4355 1595 4407 cod.

1490 4418 1620 4472 retinetis.
