3142 5392
173 296 223 374 56
511 319 637 372 carin.
664 319 767 373 cono.
792 318 1069 374 samosnarmc.

174 508 253 581 quasi
261 524 364 580 pavore
370 507 494 579 quolibet
504 508 614 575 territis,
621 513 698 579 rapta
707 512 750 563 est
757 508 842 563 ruodo
852 508 972 563 mirabili
982 508 1012 564 in
1022 509 1147 564 medium
1158 509 1285 565 fluminis
1294 511 1325 566 ttt
1331 527 1380 568 can

173 608 300 677 eoepisset
310 607 406 677 mergi,
414 607 540 677 apparuit
546 607 572 662 ei
579 607 773 661 sanctusVitus
782 606 927 662 ambulans
935 623 1018 676 super
1025 600 1120 677 aquas
1128 607 1172 662 Ad
1180 624 1262 678 quem
1269 608 1385 666 Florentia

173 706 276 777 ingenti
284 706 405 761 clamore
414 706 498 761 dixit:
506 708 539 760 Si
549 709 661 774 anpelus
667 708 720 760 Det
727 724 763 772 es,
775 708 860 760 libero
870 724 918 761 me.
928 706 979 760 Cui
989 706 1088 761 beatus
1094 707 1175 761 Vitus
1185 708 1333 778 respondit:
1340 710 1386 778 bpo

172 823 234 861 aum
239 807 348 873 Vitrea
358 808 589 873 Domino,solutis
596 808 720 860 humans
727 813 866 859 auctorest
874 807 1023 874 prorisore,
1030 809 1214 862 trommissrra
1221 816 1253 862 at
1260 810 1389 875 roomo,

90 883 93 886 ⁴
174 921 226 974 prro
236 907 350 974 sepelias
360 921 475 973 corpora
491 913 594 959 nostra.
605 906 646 958 Et
656 921 825 973 prematque
836 907 866 957 in
877 906 985 958 nomine
995 906 1148 960 Saloutaria
1165 923 1228 960 eum
1240 909 1391 964 meu
1407 898 1431 950 ὅ

172 1004 275 1057 noodr
292 1004 411 1070 petieris,
431 1003 596 1069 impetrabis.
613 1001 648 1055 Et
664 1001 719 1055 hoc
739 1000 835 1054 ordine
853 1000 889 1054 ab
907 1000 1147 1069 impetutluminis
1164 1007 1260 1072 erepta
1270 1002 1393 1060 l'loreutir

173 1099 283 1170 collegit
290 1116 406 1170 corpora
417 1104 584 1165 sauctorum,
592 1104 620 1154 et
628 1099 798 1154 aromatibus
810 1100 942 1154 condiens
954 1100 1079 1169 sepelivit
1089 1117 1123 1155 ea
1134 1101 1163 1155 in
1175 1102 1276 1156 eodem
1287 1102 1346 1158 loco
1355 1103 1395 1174 qui

173 1198 273 1254 dicitur
289 1201 446 1265 Marianus,
462 1199 511 1254 ubi
532 1198 736 1268 requieverunt,
747 1203 879 1268 regnante
899 1198 1040 1268 unigenito
1055 1199 1105 1254 Dei
1121 1199 1200 1265 Filio,
1214 1201 1332 1256 Domino
1340 1203 1397 1258 lesu

174 1297 292 1363 Christo,
303 1314 367 1353 cum
384 1297 465 1352 Patre
478 1302 505 1352 et
516 1297 618 1367 Spiritu
634 1302 739 1362 sancto,
756 1297 894 1351 salvatore
904 1302 1074 1363 cunctorum,
1085 1314 1134 1367 per
1150 1305 1251 1354 cuncta
1262 1304 1292 1355 et
1301 1300 1398 1356 infinita

172 1396 438 1452 seculaseculorum.
450 1397 548 1451 Amen.
1414 1400 1426 1448 t
1440 1396 1450 1439 1

394 1712 432 1755 nr
453 1711 555 1755 sonsa
576 1711 602 1756 s.
625 1712 706 1757 vrro.
730 1693 806 1777 (Cir.
828 1712 938 1775 supra,
959 1713 1032 1776 pag.
1054 1692 1105 1771 al,
1126 1693 1185 1778 8⁰.)

409 1897 461 1955 De
481 1893 723 1955 memnone
744 1895 863 1953 sancti
882 1893 957 1954 viti
977 1895 1166 1966 martyro.

205 2083 329 2152 Qualiter
339 2089 432 2140 autern
450 2085 495 2140 vel
510 2101 566 2155 quo
585 2089 709 2155 tempore
720 2085 843 2154 ejusdem
854 2084 1044 2153 pretiosissimi
1056 2084 1184 2154 martyris
1196 2085 1300 2141 Christi
1311 2103 1408 2157 corpus

172 2182 201 2237 in
209 2182 356 2237 Saxoniam
365 2184 528 2238 translatum
537 2183 574 2238 sit
582 2183 648 2238 etin
656 2183 824 2238 monasterio
834 2184 909 2253 qnod
918 2183 1034 2238 Corbeia
1042 2183 1227 2239 Novadicitur
1235 2185 1408 2252 collocatum,

172 2281 196 2336 is
206 2281 296 2352 quide
307 2282 486 2338 translatione
498 2284 557 2352 ejus
569 2282 728 2337 inscribitur
737 2283 845 2337 libellus
856 2282 973 2348 intimat,
980 2284 1059 2351 iuxta
1067 2284 1142 2354 quod
1151 2284 1209 2354 ipse
1221 2285 1340 2354 scriptor
1349 2302 1408 2355 par·
1422 2282 1450 2330 l!

171 2380 221 2435 tim
230 2397 260 2435 ss
271 2387 413 2451 praesente,
423 2386 512 2437 totum
524 2387 618 2436 autern
631 2381 689 2436 suis
697 2383 867 2451 temporibus
877 2386 993 2437 testatur
1001 2388 1197 2453 perpetratum.

203 2479 285 2535 Anno
292 2480 393 2550 quippe
400 2481 550 2535 Dominicoe
557 2480 753 2535 incarnationis
760 2481 986 2551 octingentesimo
993 2497 1084 2546 xxxvi,
1089 2481 1238 2537 indictione
1245 2499 1314 2551 xurr,
1319 2499 1406 2538 sacra·

171 2578 270 2633 tissimi
282 2595 348 2633 uero
360 2579 518 2634 Luodewicl
530 2579 703 2648 imperatoris
715 2595 784 2634 rxrrr
796 2578 904 2648 imperii
914 2580 1139 2646 anno,Warinus,
1147 2581 1236 2635 abbas
1246 2581 1407 2636 monasterii

171 2677 344 2733 Corbeiensis
359 2678 438 2742 Novi,
455 2678 585 2747 expetivit
596 2694 613 2732 a
625 2677 684 2732 viro
705 2677 832 2748 religioso
850 2678 1014 2744 Hildewino,
1025 2679 1125 2733 abbate
1142 2679 1306 2735 monasterii
1320 2680 1407 2735 saneti

171 2776 297 2845 Dionysii
308 2777 383 2846 quod
394 2776 473 2831 estin
484 2794 554 2847 pago
566 2776 714 2842 Parisiaco,
729 2781 760 2831 ut
777 2777 812 2831 de
823 2781 980 2832 sanctorum
996 2782 1148 2848 martyrum
1166 2779 1330 2848 corporibus
1346 2795 1408 2848 quar
1422 2775 1450 2825 Ἃ

171 2875 245 2945 apud
256 2892 287 2929 se
297 2875 359 2929 loco
372 2876 471 2929 eodem
483 2876 702 2930 recondebantur
719 2876 823 2946 aliquid
834 2875 860 2929 ei
871 2876 1012 2942 tribueret,
1023 2877 1059 2931 ad
1072 2877 1292 2933 confirmandam
1305 2878 1408 2933 scilicet

171 2973 255 3029 fldem
274 2974 363 3044 gentis
374 2990 431 3028 sura
443 2990 527 3044 quarn
539 2991 627 3044 nuper
639 2974 773 3029 industria
784 2975 972 3044 gloriosissimi
985 2976 1157 3045 imperatoris
1168 2976 1263 3031 Karoli
1278 2977 1332 3031 sub
1341 2978 1407 3048 iugo

171 3072 273 3128 Christi
283 3072 438 3126 inflexisset
445 3072 533 3140 Quam
543 3072 702 3143 petitionem
714 3073 787 3128 idern
796 3073 1037 3137 Hildewicus,cum
1046 3074 1157 3129 licentia
1165 3075 1282 3145 piissimi
1291 3076 1407 3146 impera·

170 3169 239 3224 toris
250 3169 396 3235 Ludewici,
406 3186 541 3225 consensu
553 3171 637 3224 etiam
650 3170 769 3239 episcopi
779 3170 909 3225 Parisiaci
923 3176 1131 3241 ceterorumque
1140 3172 1276 3227 nobilium
1283 3173 1407 3229 virorum

170 3268 200 3323 in
208 3268 305 3323 eadem
315 3269 417 3323 diocesi
427 3269 667 3333 commorantium,
679 3269 796 3324 libenter
807 3270 910 3333 annuit,
917 3275 999 3339 atque
1008 3271 1145 3339 saepedicti
1153 3271 1231 3340 pueri
1240 3276 1269 3326 et
1277 3272 1408 3342 martyris
1424 3270 1450 3320 2⁴!

170 3367 272 3422 Christi
284 3368 338 3422 Viti
347 3368 450 3422 Lucani
463 3385 561 3439 corpus
575 3369 603 3422 in
616 3368 731 3423 ecclesia
742 3369 829 3423 sancti
840 3368 963 3438 Dionysii
974 3386 1065 3423 coram
1080 3370 1273 3425 innumerabili
1284 3372 1407 3427 multitu·

170 3467 235 3523 dine
247 3472 304 3522 tam
317 3468 519 3523 monachorum
532 3485 615 3537 quarn
632 3468 826 3522 canonicorum
839 3469 1008 3538 diversaque
1021 3469 1186 3524 conditionis
1197 3471 1325 3525 etaetatis
1336 3471 1406 3526 viro

170 3583 232 3622 rum
244 3583 277 3621 ac
293 3566 449 3631 mulierum,
460 3571 523 3637 post
535 3571 645 3637 peracta
657 3567 701 3621 die
719 3567 857 3622 dominico
869 3567 1016 3622 missarum
1035 3569 1176 3635 solemnia,
1186 3586 1244 3623 xrrrr
1262 3569 1304 3624 Kl.
1322 3570 1406 3640 April

169 3667 396 3721 commendatum
409 3682 519 3721 summo
529 3683 591 3721 cum
600 3666 707 3720 honore
716 3667 833 3721 tradidit.

203 3766 228 3820 Α
239 3765 409 3834 temporibus
423 3764 524 3819 etenim
537 3765 653 3834 Pippini‚
665 3765 736 3835 regis
744 3765 920 3832 Francorum,
932 3781 1019 3834 usque
1036 3767 1072 3820 ad
1089 3767 1164 3821 illam
1176 3767 1249 3821 diem
1262 3767 1337 3823 idem
1346 3785 1407 3839 pre·
1423 3763 1450 3811 ³⁰

168 3864 350 3920 tiosissimum
370 3864 470 3918 Christi
491 3864 618 3933 martyris
642 3864 697 3919 Viti
715 3881 813 3935 corpus
831 3864 890 3933 ipso
916 3865 944 3919 in
965 3882 1035 3935 pago
1058 3865 1152 3920 multis
1173 3883 1284 3937 semper
1299 3868 1406 3939 insigne

168 3963 310 4019 miraculis
331 3967 478 4028 manserat,
491 3980 525 4018 ex
542 3980 598 4033 quo
619 3963 686 4019 illud
707 3963 834 4018 videlicet
853 3964 965 4034 quidam
985 3965 1126 4030 Folradus,
1138 3965 1225 4020 abbas
1243 3968 1405 4023 monasterii

168 4063 258 4118 sancti
274 4061 406 4132 Dionysii,
423 4063 542 4117 Romam
559 4080 694 4117 consensu
712 4063 784 4132 regis
800 4065 946 4133 proiectus,
964 4080 981 4118 a
1000 4064 1061 4119 loco
1079 4081 1135 4133 quo
1152 4065 1272 4134 positum
1297 4070 1359 4121 aral
1377 4067 1405 4121 in

170 4161 285 4218 Francia
293 4162 478 4217 transtulerat.
490 4162 570 4230 Quod
580 4163 644 4218 inde
655 4163 750 4218 ordine
760 4163 865 4234 digesto
876 4168 1033 4234 susceptum
1044 4164 1173 4219 Warinus
1182 4181 1245 4219 cum
1257 4166 1316 4220 suis
1324 4184 1404 4223 vene

171 4261 278 4316 ratione
290 4261 449 4332 dignissima
461 4262 606 4328 deducens,
616 4278 679 4317 cum
689 4262 801 4333 copiosa
812 4263 1002 4318 comitantium
1012 4264 1226 4319 turbaSaxoniae
1234 4265 1338 4320 finibus
1346 4271 1403 4322 tan·
1420 4257 1447 4306 ³⁵

170 4360 234 4415 dem
244 4359 357 4424 invexit,
366 4360 466 4415 etldus
476 4361 551 4416 lunii
560 4361 705 4416 Corbeiam
714 4362 820 4416 Novam
829 4363 998 4433 perveniens,
1008 4364 1134 4418 eamdem
1143 4381 1221 4434 spem
1230 4365 1404 4436 salutemque

169 4459 264 4531 patriae
273 4460 366 4523 totius,
375 4459 459 4514 etiam
471 4460 598 4515 Saxonira
609 4461 755 4531 specialem
768 4466 923 4530 patronum,
936 4462 1037 4517 ibidem
1050 4480 1113 4518 cum
1123 4464 1306 4520 inaestimabili
1318 4482 1403 4537 popu·

169 4557 260 4614 lorum
273 4558 392 4630 tripudio
403 4560 538 4631 deposuit
551 4560 625 4628 Quot
635 4566 788 4630 quantasve
799 4562 931 4617 sanitates
941 4579 990 4632 per
1001 4563 1105 4618 itineris
1116 4564 1239 4632 ejusdem
1251 4581 1289 4618 xx
1300 4565 1404 4620 scilicet

168 4658 303 4715 stationes
326 4658 477 4714 Salvatoris
498 4659 644 4715 clementia
666 4661 839 4725 concesserit,
861 4662 1107 4732 quadragenarium
1131 4663 1233 4734 quippe
1255 4681 1402 4721 numerum
