3142 5392
222 321 316 372 aran.
336 320 417 372 nra.
430 321 607 372 ¹maumam.
627 343 673 351 -
692 322 838 373 arpenn.
857 323 903 373 an
921 324 999 374 con.
1018 315 1057 374 rr⁰
1074 321 1198 375 trra-ro.
1254 304 1327 378 445

147 511 224 570 165.
247 504 324 569 120¹
346 522 520 580 suspenso
541 509 708 568 liberatO.
736 515 766 567 In
787 512 889 565 diocesi
911 512 1069 581 Magantina
1093 514 1214 582 quidam.
1239 514 1328 567 Lacca

147 611 219 671 nine.
230 627 294 665 cum
304 611 425 679 quodam
438 611 497 664 fure
507 612 534 664 in
545 611 641 665 itinere
651 611 843 679 deprehensus,
855 611 952 664 ductus
964 615 1004 663 est
1021 611 1056 663 ad
1073 610 1258 678 suspendium.
1275 610 1328 677 Qui

147 716 246 764 ocante
262 711 321 763 Deo
338 715 366 763 et
383 710 464 763 beata
481 711 621 763 Elizabeth
638 726 794 778 suspensus,
805 726 868 762 cum
880 710 996 778 populus
1008 709 1070 762 inde
1083 709 1213 770 rediisset.
1225 711 1330 765 audivit

147 827 184 863 rer
200 814 281 878 eaput
299 809 359 877 ejus
376 810 509 863 dicentem
522 829 528 863 ε
541 812 625 863 Crede
638 812 793 875 parrana
805 811 979 875 transferrem
996 826 1135 877 utinquam
1152 811 1184 862 de
1199 813 1265 864 callo
1284 819 1329 865 tuo

147 926 227 974 renea,
245 925 382 977 quousque
395 911 542 976 Mertparb
560 911 597 961 ad
614 911 747 962 tremulum
765 910 844 961 beatu
860 909 1001 961 Elizabetb
1022 910 1140 961 accedes.
1157 909 1190 961 Et
1209 908 1247 962 sic
1264 909 1329 962 lune

147 1010 198 1069 eto,
206 1005 306 1058 decidit
317 1005 352 1057 ad
363 1009 471 1058 terram.
481 1005 514 1058 Et
526 1005 651 1072 quamvis
660 1004 779 1072 praviter
790 1009 818 1057 et
831 1004 864 1055 de
877 1009 933 1056 tarn
945 1004 1001 1056 alto
1014 1003 1161 1066 cecidisset,
1173 1008 1204 1057 ut
1215 1006 1330 1058 camisia

147 1120 179 1158 ra
188 1121 241 1172 qua
252 1103 365 1157 indutus
381 1108 446 1167 erat,
458 1104 486 1158 in
499 1109 607 1172 pectore
620 1103 686 1156 etin
698 1103 779 1156 dorso
797 1107 977 1171 rumperetur,
995 1102 1101 1155 nullum
1120 1108 1212 1156 tamen
1229 1104 1330 1157 cadens

147 1202 190 1255 rsit
200 1202 331 1256 dolorem.
345 1200 404 1255 Hoc
416 1219 478 1255 curn
491 1207 563 1255 esset
575 1201 602 1254 in
615 1201 658 1254 die
671 1201 758 1254 sancti
770 1200 885 1254 Thomu
898 1200 1079 1269 inpraesentia
1090 1200 1150 1269 plus
1162 1218 1244 1269 quam
1257 1203 1269 1236 ²
1281 1219 1329 1257 ccc.

147 1301 260 1354 minibus
272 1301 384 1364 laetum,
396 1300 523 1354 homines
539 1301 573 1352 ad
586 1305 692 1353 tantum
711 1299 872 1353 miraculum
891 1300 1047 1367 compuncti
1064 1317 1125 1353 curn
1140 1301 1261 1354 restibus
1273 1301 1330 1354 suis

147 1406 208 1469 quot
220 1400 245 1453 ei
262 1399 366 1452 solidos
379 1401 406 1453 in
419 1399 621 1466 eleemosynam
635 1398 723 1466 largiti
736 1403 807 1451 sunt.

154 1496 224 1555 166.
242 1496 348 1565 Igitur³
361 1496 434 1548 Deus
444 1495 617 1563 omnipotens
627 1494 740 1548 electam
751 1510 930 1563 saumonem
941 1494 1109 1564 septemplici
1119 1511 1329 1549 muneresaera·

147 1597 258 1649 entaliter
271 1595 298 1647 in
311 1594 545 1662 corpore⁴adhuc
563 1592 673 1646 mortali
689 1598 864 1661 praeventam,
883 1592 958 1646 omni
976 1593 1124 1660 gratiarum
1142 1593 1286 1647 sanctitate
1303 1599 1330 1647 et

147 1700 202 1748 tute
213 1693 430 1747 sanctificaverat
443 1695 471 1744 et
482 1692 667 1755 decoraverat,
680 1691 723 1743 bis
735 1691 850 1758 aliisque
861 1691 955 1744 multis
964 1691 1158 1744 miraculorum
1172 1691 1294 1760 insigniis
1302 1697 1330 1746 et

150 1799 230 1847 morte
244 1806 421 1860 prosequens,
436 1790 463 1843 in
479 1789 590 1857 perenni
603 1788 689 1857 gloria
703 1788 878 1842 sublimatam
891 1805 983 1842 serum
997 1788 1089 1842 vivere
1102 1795 1129 1842 et
1142 1789 1216 1843 omni
1228 1790 1330 1842 exalta·

147 1898 216 1946 nect
227 1889 404 1945 veneratione
422 1889 530 1956 dignam
549 1888 693 1941 manifeste
707 1887 861 1941 declaravit.
880 1888 1018 1941 Concedat
1035 1904 1107 1941 nunc
1124 1888 1202 1941 nobis
1219 1889 1328 1956 speciali

147 1990 251 2043 trocinio
268 1968 356 2041 beate
373 1985 512 2039 Elizabetlr
524 1984 704 2052 omniumque
721 1989 877 2037 sanctorum
890 1984 1027 2052 suffragiis
1039 1984 1169 2052 ingratia
1181 2002 1237 2038 sure
1249 1985 1328 2054 largi-

147 2104 163 2140 .e
178 2087 293 2140 salutern
315 2087 436 2136 nostram
455 2082 493 2134 sie
513 2081 631 2149 perfecte
651 2079 765 2148 operari,
785 2080 915 2147 quatinus
935 2080 993 2148 ipsa
1011 2080 1080 2133 duce
1099 2081 1125 2133 in
1144 2080 1229 2148 gloria
1241 2081 1329 2135 Patris

147 2201 202 2237 erna
218 2183 318 2252 paedia
335 2179 465 2248 consequi
477 2195 640 2241 mereamur,
652 2179 730 2231 lesus
748 2178 879 2241 Christus,
891 2178 1024 2232 Dominus
1041 2184 1141 2241 noster,
1155 2181 1232 2246 cujus
1243 2180 1329 2248 gloria

148 2283 296 2353 imperium,
314 2281 392 2346 cujus
403 2294 516 2346 regnum
529 2283 557 2331 ct
568 2278 750 2331 sacerdotium
768 2277 827 2330 sine
844 2276 898 2330 fine
914 2282 1057 2344 permanet
1074 2277 1102 2330 in
1118 2278 1210 2331 secula
1226 2279 1329 2332 seculo·

147 2396 174 2431 n.
189 2381 287 2431 Amen.
301 2408 332 2415 -
349 2372 554 2445 nxpueiunt
567 2372 743 2432 miracula
757 2374 882 2433 sancte
896 2373 1081 2444 Elyzahet.

162 2676 199 2719 oe
221 2675 323 2719 auaro
346 2675 487 2719 urnarco
508 2675 618 2719 rnronr
640 2675 774 2719 anurusr.
797 2655 875 2739 (Cir.
898 2675 1007 2736 supra,
1028 2675 1101 2737 pag.
1124 2656 1193 2733 397,
1215 2655 1272 2737 6⁰.)

148 2876 189 2934 ta
216 2874 335 2934 domni
355 2874 514 2935 werrici
531 2869 588 2954 (1),
610 2874 743 2945 prioris
763 2875 808 2933 de
830 2875 922 2932 Alna
938 2868 995 2952 (t),
1018 2873 1090 2933 vtri
1110 2873 1329 2934 venerabilis

582 2974 620 3031 et
643 2974 716 3031 Dee
737 2972 847 3042 digni.

365 3179 489 3232 Domnus
500 3178 645 3239 Werricus.
658 3179 704 3246 qui
714 3194 827 3246 corpore
836 3195 938 3248 pauper
950 3179 1043 3239 obivit.

301 3277 337 3330 Ut
345 3282 419 3346 puto.
428 3282 559 3346 perpetuo
569 3277 670 3330 ditatus
681 3277 784 3330 lumine
797 3277 872 3331 vivit.

300 3376 407 3443 Pauper
416 3376 460 3429 hic
470 3382 497 3428 et
509 3375 641 3439 modicus
651 3376 746 3429 habitu
756 3377 899 3443 despectus
912 3380 939 3428 et
951 3392 1005 3439 ore,

300 3476 452 3543 Ingreditur
463 3475 568 3538 cuturn,
581 3475 681 3528 caelesti
695 3475 771 3528 dives
784 3476 898 3528 honore.

157 3705 224 3757 Item
238 3704 272 3755 de
284 3704 307 3755 ἓ.
319 3731 347 3740 -
359 3703 370 3736 ⁹
383 3706 411 3755 iu
426 3704 436 3755 l
450 3718 534 3769 quam
547 3702 607 3769 plus
619 3719 711 3770 quam.
721 3732 752 3739 -
765 3702 863 3755 ³ambo
872 3704 945 3755 codd.
955 3704 1017 3755 odd.
1027 3701 1127 3755 coelesti
1138 3721 1144 3754 z
1154 3704 1225 3770 quod
1233 3704 1329 3754 redun-

147 3788 292 3838 recidetur.
305 3813 336 3820 ·-
347 3785 357 3817 ⁸
369 3786 445 3836 errabo
455 3800 594 3852 corporeo.
604 3787 650 3836 aed
661 3801 730 3837 corr.
744 3787 771 3836 in
784 3786 807 3837 ἰ).

151 4000 174 4061 t)
183 3999 223 4051 De
236 3998 266 4050 B.
279 3996 400 4050 Werrico
419 4001 516 4050 tractat
530 3996 678 4064 liant-ique,
696 4001 814 4050 Aurinia
830 4000 1025 4061 cistercienses,
1038 4002 1104 4050 tom.
1121 3996 1164 4058 IV,
1176 4013 1201 4064 p.
1215 3997 1330 4050 trulla.

152 4080 215 4134 vita
223 4096 289 4132 vero
300 4080 387 4147 qualis
396 4079 541 4132 exhibetur
551 4080 578 4130 in
588 4080 647 4132 cod.
655 4085 748 4132 nostro
757 4080 944 4136 wattenbach.
957 4081 1155 4132 Deatacblanda
1168 4081 1332 4132 Geecln'ebta-

147 4166 205 4216 allen
220 4166 256 4214 im
270 4164 425 4214 blittrlatter
437 4161 547 4222 tBerlin
561 4162 642 4225 1877),
653 4168 718 4215 tom.
736 4162 767 4215 ll.
787 4179 828 4230 pp.
841 4163 897 4221 323,
914 4163 970 4215 326.
984 4162 1115 4214 Eamdern
1125 4161 1214 4214 Vitam
1227 4161 1290 4229 legit
1299 4161 1331 4214 cl.

147 4245 168 4298 ri
180 4244 276 4297 Gillert
290 4244 316 4296 in
329 4244 389 4296 cod.
406 4242 610 4311 Petropolitano
623 4243 653 4296 Ο.
666 4244 735 4307 XIV,
748 4244 811 4296 olim
828 4245 854 4296 S.
867 4245 956 4297 blaciae
969 4245 1002 4298 de
1015 4243 1192 4306 Camberone,
1205 4249 1232 4296 et
1249 4260 1281 4295 ex
1300 4261 1332 4296 ea

147 4344 190 4380 um
208 4327 361 4379 alterumve
382 4325 530 4394 capitulum
554 4326 638 4378 edidit
659 4326 686 4378 in
703 4328 789 4379 b'euea
812 4328 920 4390 Arabio,
944 4331 1009 4380 torn.
1028 4326 1071 4387 Vl,
1089 4342 1114 4394 p.
1135 4327 1252 4379 ool-tm.
1271 4326 1332 4379 Jarn

149 4408 209 4460 dem
229 4406 312 4458 etiam
331 4405 456 4473 quaedarn
475 4404 597 4457 ediderat
615 4405 684 4457 llaro
703 4405 736 4457 de
754 4405 935 4473 lleillenberp.
947 4406 1067 4459 tom.cit.
1079 4406 1179 4474 (supra,
1189 4422 1213 4473 p.
1222 4406 1288 4468 396).
1301 4434 1333 4442 -

156 4491 194 4542 De
205 4489 318 4542 abbatia
335 4488 447 4541 Alnensi
461 4487 495 4539 ad
508 4487 600 4539 Sabirn
613 4487 727 4540 tluvium
741 4487 768 4539 in
781 4487 916 4541 territorio
929 4488 1058 4541 Gozeensi
1072 4487 1248 4552 (Tornacensi
1262 4503 1333 4540 nunc

147 4575 215 4626 acesi
230 4579 257 4625 et
269 4573 416 4625 Harmonia
433 4570 584 4640 provincia)
602 4571 655 4624 sita
672 4576 754 4639 atque
771 4571 927 4625 milliarium
940 4588 957 4624 a
968 4572 1106 4625 Tbudinio
1118 4573 1217 4641 oppido
1230 4573 1334 4639 (Tbuiu

147 4656 213 4722 llice)
223 4656 350 4719 distante,
363 4654 410 4707 cfr.
422 4652 603 4717 tanausclrek‚
615 4654 758 4720 Orr'pinum
774 4655 990 4709 Gletereieuer'um
1003 4659 1069 4708 torn.
1078 4655 1097 4720 Ι,
1110 4671 1134 4723 p.
1149 4655 1203 4709 108.
