3142 5392
267 336 363 390 amn.
389 335 469 389 nac.
496 335 668 389 nnumin.
695 356 743 368 -
769 299 917 390 aarum.
943 336 990 389 an
1016 336 1096 390 con.
1121 336 1159 389 no
1183 336 1292 392 rra-ar.
1324 315 1397 391 ill

170 524 363 580 confirmamus
381 529 477 581 contra
495 542 540 580 res
558 525 696 592 adversas,
712 524 794 581 unico
815 525 911 580 labore
931 526 1029 581 fortius
1046 527 1228 582 sustinendas.
1246 527 1315 584 Cum
1332 545 1398 584 vero

172 624 248 679 rebus
264 624 295 679 iu
314 624 438 679 adversis
457 625 548 679 adhuc
567 625 658 695 rigens
679 625 745 679 hinc
766 624 873 679 homini
893 625 989 680 stridet
1007 625 1112 695 hyems,
1132 627 1196 682 inde
1216 643 1278 698 spes
1295 627 1399 683 incerta

170 723 239 777 veris
260 723 412 789 interludit,
432 728 498 779 tunc
518 724 630 779 demum
651 723 742 779 dubiis
761 724 843 778 rebus
860 725 946 779 homo
964 727 1059 795 captus
1079 725 1167 781 nescit
1189 742 1244 796 qua
1263 728 1399 783 transiens

171 823 266 878 eradat
287 825 428 894 angustias
452 825 535 894 hujus
562 826 621 880 viae.
644 825 676 879 In
701 841 778 894 spem
804 824 917 879 dubiam
940 841 1006 879 suos
1031 826 1138 894 erigens
1162 826 1304 896 cogitatus,
1333 827 1399 882 dum

147 925 255 977 ‚aweit
277 924 353 978 riam
376 925 474 978 adres
497 923 585 978 bonas
605 929 633 978 et
649 929 796 993 praesentes
817 923 908 978 adhuc
931 924 1007 979 videt
1023 924 1076 978 sibi
1096 940 1140 978 res
1159 924 1303 993 malignas,
1321 929 1398 980 tanto

170 1021 278 1092 gravius
300 1022 399 1077 recidit
417 1023 446 1077 in
463 1023 585 1092 seipsum
607 1027 712 1091 quanto
738 1026 780 1076 est
799 1022 920 1077 incertus
936 1021 980 1076 cui
1000 1022 1071 1092 parti
1091 1024 1182 1092 potius
1201 1029 1320 1078 aestuaus
1340 1025 1400 1093 ejus

171 1120 279 1176 animus
295 1122 454 1176 intendatur
471 1141 478 1176 ε
496 1122 539 1176 vel
558 1123 647 1191 ipsum
664 1123 788 1175 animum
806 1137 863 1175 uno
886 1125 987 1176 conatu
1006 1121 1155 1176 laborare*
1167 1123 1202 1177 ad
1219 1124 1400 1180 obtinendum

171 1212 377 1284 res'secundas,
393 1221 437 1275 vel
448 1237 504 1275 uno
522 1225 647 1290 respectu
666 1220 791 1274 animum
808 1218 929 1274 stabilire
942 1220 977 1274 ad
994 1220 1183 1275 sustinendum
1202 1238 1246 1276 res
1263 1223 1401 1288 adversas,

171 1318 280 1387 quando
298 1317 369 1372 nihil
386 1317 461 1372 aliud
478 1318 630 1372 intercedit.

147 1425 158 1475 t
211 1414 271 1472 24.
298 1414 331 1468 ln
355 1414 410 1468 hoc
434 1430 526 1468 rerum
547 1415 689 1484 procinctu
711 1414 787 1483 gravi
808 1419 932 1468 versatur
951 1414 1083 1480 Thomas,
1100 1415 1150 1470 Dei
1179 1433 1283 1482 servus,
1306 1416 1402 1487 praelu·

172 1513 271 1583 dinque
281 1512 359 1581 gravi
376 1511 459 1565 nimis
470 1511 559 1565 anxia
570 1511 672 1565 mentis
683 1527 740 1566 suta
753 1517 894 1566 certamen
910 1511 1006 1580 ugonis
1017 1513 1060 1567 sui
1072 1513 1225 1577 exercebat,
1237 1513 1265 1568 in
1276 1513 1403 1583 proximo

172 1611 293 1680 martsrii
302 1611 424 1680 palmam
432 1610 588 1679 adepturus.
597 1609 645 1664 Vir
657 1611 766 1680 sapiens
778 1616 861 1680 atque
872 1610 1085 1680 circumspectus
1096 1611 1273 1667 examinabat
1284 1613 1402 1667 formam

172 1711 245 1780 pacis
264 1727 330 1774 suae,
351 1709 421 1779 repis
443 1710 576 1772 animum,
601 1709 672 1778 regis
693 1709 807 1773 vultum,
827 1725 938 1763 causam
959 1709 1018 1775 Dei,
1038 1726 1151 1765 causam
1172 1727 1260 1766 suam.
1280 1711 1404 1766 Obscura

173 1815 231 1864 erat
249 1809 340 1863 forma
356 1808 439 1878 pacis,
451 1809 516 1878 quia
532 1824 622 1878 neque
639 1825 686 1863 rex
706 1808 803 1878 pedem
822 1808 902 1878 plane
921 1808 1079 1863 retrahebat
1090 1825 1107 1863 a
1118 1810 1308 1880 persecutione
1320 1810 1405 1865 eccle·

147 1909 288 1967 tamncae
307 1908 449 1971 libertatis,
477 1923 566 1977 neque
593 1907 813 1976 archiepiscopus
842 1907 965 1961 Thomas
990 1923 1090 1961 manus
1119 1908 1206 1963 victas
1226 1907 1310 1963 dabat
1334 1910 1405 1978 regis

175 2007 271 2077 iniquae
282 2006 428 2062 voluntati.
439 2006 613 2075 Noveratque
635 2007 706 2075 rogis
723 2006 845 2060 animum
859 2007 1009 2069 sinuosum,
1022 2012 1049 2060 et
1061 2007 1150 2076 ipsum
1163 2007 1320 2078 frequenter
1330 2008 1405 2063 aliud

176 2106 261 2161 (licere
280 2111 309 2160 ct
327 2105 404 2159 aliud
421 2105 547 2174 cogitare.
569 2100 757 2174 Perpendebat
778 2104 865 2158 oculis
885 2105 1034 2174 animoque
1053 2106 1178 2160 fallacem
1190 2106 1261 2175 regis
1280 2106 1403 2170 uultum;

177 2205 347 2277 nequeenim
359 2205 430 2259 bene
441 2203 625 2274 respondebat
634 2204 704 2274 regis
713 2203 805 2258 vultus
814 2205 890 2273 operi
902 2205 977 2273 pacis
988 2205 1056 2273 ejus.
1068 2205 1217 2260 Periclitari
1229 2206 1320 2260 adhuc
1330 2205 1405 2260 vide-

179 2304 221 2358 bat
228 2321 341 2359 causam
348 2304 469 2374 Dei,qua
477 2302 648 2372 periclitante
657 2302 764 2358 nullum
771 2319 860 2357 causa
867 2319 924 2357 suae
933 2309 1043 2373 portum
1052 2304 1146 2358 videre
1156 2304 1404 2373 prevalebatdum

147 2407 284 2457 Namusa
295 2402 346 2457 Dei
363 2402 439 2457 nulla
450 2408 539 2457 morte
551 2408 644 2472 posset
658 2401 778 2471 separari
798 2418 881 2456 causa
902 2403 968 2470 eJus.
989 2402 1042 2456 Pro
1060 2402 1159 2472 quibus
1176 2403 1304 2457 omnibus
1319 2403 1406 2472 magis

182 2500 253 2570 coepit
269 2500 377 2555 anxiari
394 2500 506 2570 spiritus
523 2502 591 2569 ejus.
611 2500 654 2554 Ad
673 2515 834 2569 supremum
850 2505 943 2554 autem
962 2500 1103 2554 humiliter
1124 2501 1216 2555 omnia
1229 2503 1406 2558 committens

183 2597 274 2653 iluna
286 2599 431 2662 voluntati,
446 2600 614 2654 Francorum
627 2598 682 2669 regi
702 2601 729 2652 et
745 2598 913 2669 principibus
925 2599 984 2667 ejus
995 2599 1096 2669 gratias
1114 2616 1197 2669 agens
1216 2605 1244 2654 et
1262 2601 1404 2655 Franciam

183 2696 246 2751 ultra
264 2714 322 2752 non
343 2698 452 2753 visurus
468 2699 590 2754 Franciae
602 2698 707 2752 dilectae
724 2696 753 2751 in
771 2697 889 2751 Domino
901 2697 1065 2763 valedicens,
1081 2698 1116 2752 ad
1129 2699 1317 2754 Britannicum
1330 2715 1407 2754 mare

185 2793 259 2850 flectit
266 2798 281 2828 ⁸
294 2797 354 2862 iter,
365 2802 394 2851 et
405 2814 536 2867 spumoso
547 2797 617 2852 mari
628 2796 804 2851 transfretato
817 2796 994 2851 Cantauriam
1004 2797 1072 2866 petit
1081 2814 1169 2852 suam.
1430 2796 1510 2852 ‘cod
1519 2796 1554 2850 sse

147 2898 174 2950 a
218 2893 275 2953 25.
295 2894 475 2949 Praecesserat
495 2894 555 2962 ejus
577 2895 629 2949 lter
648 2893 723 2947 fama
743 2891 870 2946 velocior.
891 2892 958 2947 Ruit
979 2893 1007 2947 in
1028 2910 1172 2948 occursum
1195 2895 1265 2949 tanti
1284 2895 1299 2926 *
1322 2893 1407 2964 patris
1431 2896 1513 2951 *cod
1525 2899 1566 2947 ta

186 2993 280 3063 Angba
299 2997 360 3047 tota
378 3007 496 3055 manus;
516 2996 580 3046 ante
606 3007 703 3046 omnes
725 2990 780 3044 ruit
805 2989 931 3044 exultans
957 2990 1047 3043 omnis
1071 2990 1226 3044 (laniantia.
1248 2989 1344 3044 Festus
1362 2989 1407 3044 ille

186 3092 236 3147 diss
250 3093 358 3147 festivis
374 3091 497 3145 restibus
513 3089 602 3144 induit
620 3090 773 3144 monachos
793 3089 914 3143 ecclesiae
931 3088 1135 3142 Cantuariensis
1153 3089 1316 3143 cardinatos.
1333 3088 1408 3143 Exci·

186 3192 250 3260 pitur
266 3190 381 3247 humilis
400 3191 450 3245 Dei
470 3206 566 3245 seruus
583 3190 707 3243 omnium
725 3188 879 3258 frequentia
900 3204 1000 3257 magna
1016 3187 1177 3242 solemniter
1200 3188 1334 3257 jubilante
1353 3204 1409 3257 pre

186 3291 276 3360 gaudio
293 3307 404 3360 magno,
416 3289 507 3344 cantui
520 3289 619 3344 festivo
631 3288 750 3342 lacrimis
760 3288 883 3342 dulcibus
892 3287 1050 3341 subinfusis.
1068 3287 1168 3342 Oscula
1186 3287 1276 3341 dulcia
1288 3287 1408 3342 tiliorum

152 3388 246 3460 ltpatri
263 3390 419 3445 desiderato
439 3390 523 3443 libata
541 3389 634 3442 dulces
653 3387 788 3457 singultus
807 3391 835 3441 et
854 3386 974 3441 lacrimae
998 3386 1102 3440 faciunt
1120 3387 1249 3441 dulciora.
1270 3387 1409 3441 Deductus

185 3489 258 3559 igitur
268 3507 318 3560 per
327 3489 400 3543 viam
412 3489 531 3557 longam,
543 3488 626 3542 tantis
645 3487 753 3556 gaudiis
770 3486 947 3551 exultantem,
966 3501 1053 3554 usque
1074 3485 1109 3539 ad
1127 3485 1280 3549 ecclesiam,
1298 3485 1326 3538 in
1344 3486 1409 3540 sede

183 3605 227 3644 sua
245 3606 262 3643 a
279 3589 337 3643 suis
354 3588 442 3658 pluria
458 3603 558 3656 magna
578 3586 713 3641 relocatur
729 3586 853 3655 egregius
868 3584 1014 3639 mundanae
1031 3583 1123 3653 gloriae
1136 3584 1327 3653 triumphator.
1339 3585 1409 3639 Gau·

182 3687 229 3742 diis
239 3689 329 3742 tristia
340 3687 500 3741 succedunt.
512 3686 545 3740 m
554 3685 597 3739 bis
606 3684 729 3738 tristibus
738 3685 838 3739 iterum
851 3685 1001 3738 succedunt
1012 3683 1112 3753 gaudia
1121 3683 1294 3752 sempiterna.
1303 3682 1410 3738 Accidit

181 3786 250 3841 enim
267 3787 343 3856 quod
361 3784 507 3840 verebatur
524 3785 583 3851 eius
601 3799 686 3847 mens,
699 3798 819 3852 praesaga
835 3782 916 3851 regiae
933 3784 1045 3838 fraudis.

147 3884 166 3937 u
217 3882 276 3941 26.
295 3884 391 3937 Primo
412 3880 493 3951 igitur
509 3879 590 3933 malae
606 3879 681 3948 pacis
698 3878 798 3932 indicio
816 3879 900 3932 mittit
917 3895 964 3933 rex
986 3879 1090 3947 legatos
1116 3877 1218 3931 celeres
1243 3878 1278 3931 ad
1304 3877 1409 3931 archie-

178 3979 320 4049 piscopum
346 3976 405 4031 sedi
428 3992 484 4029 suae
506 3990 594 4042 nuper
618 3973 762 4038 redditum,
783 3988 800 4026 a
819 3973 919 4041 quibus
939 3973 991 4026 sub
1008 3970 1231 4025 interminatione
1257 3972 1357 4041 accipit
1379 3973 1408 4026 in

178 4079 315 4135 mandatis
336 4093 372 4131 ne
397 4079 545 4145 prasumat
569 4073 695 4143 Augfiam
719 4089 871 4142 peragrare,
892 4072 966 4142 quod
989 4072 1079 4126 facere
1100 4077 1301 4126 consueverant
1318 4078 1410 4142 patres

176 4179 245 4246 ejus,
256 4179 388 4248 primates
399 4174 510 4244 Angliae,
527 4177 556 4226 et
572 4172 637 4241 ipse.
658 4172 728 4226 illud
748 4171 821 4225 enim
841 4172 973 4241 poscebat
993 4171 1115 4225 officium
1138 4187 1196 4225 suae
1217 4172 1364 4242 dignitatis,
1379 4176 1410 4227 ut

176 4277 307 4334 ecclesias
326 4273 498 4330 cathedrales
517 4276 676 4340 ceterasque
701 4270 822 4325 minores
841 4271 899 4339 ipse
918 4270 1021 4340 primas
1042 4270 1197 4340 Anglorum
1217 4287 1266 4340 per
1282 4271 1408 4341 Angliam

147 4378 309 4443 trisitaret,
329 4379 414 4445 atque
429 4371 580 4442 apostolico
604 4370 745 4440 privilegio
763 4369 901 4424 confracta
923 4369 1053 4424 solidaret
1073 4374 1101 4423 et
1117 4369 1205 4424 solida
1227 4370 1409 4424 confirmaret.

173 4476 309 4535 Fortioris
326 4472 443 4544 imperio
454 4471 597 4541 potestatis
617 4470 707 4540 paruit
724 4469 766 4522 vir
783 4467 932 4534 modestus,
949 4473 977 4522 et
995 4469 1023 4522 in
1042 4468 1157 4523 ecclesia
1175 4468 1410 4523 cantuariensisc

171 4576 303 4647 quletum
316 4577 414 4627 tenens
425 4570 454 4624 in
464 4568 620 4623 humilitate
631 4583 731 4636 magna
742 4566 800 4620 Deo
813 4566 957 4620 serviebat.
969 4565 1114 4636 Officiique
1125 4566 1290 4636 pontificalis
1301 4582 1411 4637 semper

171 4689 294 4739 memor,
305 4669 494 4739 exequebatur
514 4666 590 4722 omni
607 4665 756 4736 diligentia,
768 4666 905 4734 potensin
923 4682 1005 4735 opere
1020 4668 1048 4719 et
1060 4681 1195 4730 sermone,
1213 4664 1284 4719 sicut
1295 4665 1411 4720 decebat
