3142 5392
189 347 282 399 arec.
300 345 381 398 aaa.
400 344 576 397 snuxsnu.
596 364 642 375 -
660 342 809 395 terrun.
828 343 875 395 su
891 343 972 395 con.
991 338 1028 395 u⁰
1045 341 1167 396 asar-at.
1224 323 1291 396 551

167 544 228 614 710
247 540 482 633 [Adhortatio
501 540 548 613 ad
565 537 881 632 sanctimoniales]
899 538 977 630 (fol.
996 539 1206 630 264¹·t67‘).

96 673 187 726 Etiam
201 672 306 726 mutila.
319 671 412 725 Prima
424 671 509 725 verba
521 672 549 724 in
561 669 655 723 codice
666 672 749 723 sunt:
767 672 861 737 sponsi
877 671 959 724 vestri
974 671 1027 736 fide
1039 672 1187 738 pollicito...
1200 669 1297 723 ultima

62 787 151 824 vero:
168 789 199 824 uc
211 773 237 823 si
249 773 278 823 in
290 771 378 838 epactis
389 776 445 833 aut,
458 772 485 822 et
497 768 525 821 in
534 768 617 821 latere
635 783 715 821 verso
733 767 816 835 hujus
833 766 891 820 lolii
908 765 997 820 ultimi
1016 766 1086 820 nihil
1106 767 1179 820 aliud
1199 767 1297 836 legitur

59 886 149 938 quam
162 870 221 923 baec
234 874 317 923 nota:
332 870 478 922 Guibcrtua
496 869 612 921 Martini
624 868 705 920 abbas
720 868 804 934 hujus
815 868 982 931 monasterii,
993 882 1076 935 quam
1089 871 1183 921 notam
1196 866 1297 920 indica·

59 985 155 1024 armus
166 985 257 1038 supra.

375 1399 585 1510 appendix
612 1401 662 1486 ac
687 1400 768 1487 coa.
799 1332 990 1489 sss-u

198 1664 340 1708 urrsrom
364 1664 502 1709 curasan
524 1664 745 1710 carcassensis
767 1666 807 1710 an
829 1666 978 1711 nonianus
999 1667 1168 1711 clusenses.

453 1744 531 1828 (Cir.
554 1764 663 1827 supra,
686 1765 719 1828 p.
741 1745 812 1824 543,
833 1746 912 1828 42⁰.)

106 1942 139 1997 1.
163 1941 348 1996 Sanctissimis
369 1941 527 2009 virginibus,
548 1943 630 1996 matri
658 1946 685 1996 et
712 1942 828 2006 filiabus,
850 1945 878 1998 in
902 1944 994 1998 Monte
1012 1944 1084 1997 beati
1106 1945 1221 1998 ltoberti
1239 1945 1296 1998 Deo

61 2039 271 2102 famulantibus,
283 2040 367 2093 frater
378 2038 558 2110 G[uibertus],
571 2057 667 2095 servus
679 2041 834 2096 sanctitatis
844 2057 947 2105 aarum,
956 2042 1086 2111 pactam*
1100 2041 1208 2095 Christo
1218 2058 1297 2111 spon·

61 2139 146 2193 salitii
165 2140 250 2192 tidem
271 2140 404 2209 integram
426 2156 597 2194 conservare.
615 2173 646 2180 -
665 2139 798 2208 Quamvis
818 2157 874 2194 non
895 2141 1004 2194 modico
1025 2145 1161 2195 terrarum
1182 2158 1198 2193 a
1219 2141 1298 2195 vobis

62 2239 210 2293 intervallo
231 2240 367 2308 sejungar,
386 2244 414 2293 et
434 2239 514 2307 longa
534 2245 689 2309 temporum
708 2242 793 2294 series
813 2240 925 2294 evoluta
944 2240 980 2293 sit
996 2256 1030 2294 ex
1051 2257 1105 2309 quo
1124 2257 1140 2294 a
1160 2241 1298 2294 consortio

33 2353 47 2400 t
63 2340 158 2402 vestri,
171 2355 287 2408 corpore
299 2355 355 2393 non
367 2344 459 2393 mente
473 2345 661 2408 sequestratus
673 2356 744 2402 sum,
765 2345 866 2405 tamen,
879 2339 1069 2393 recordatione
1086 2356 1136 2409 pro
1149 2340 1253 2394 visione
1272 2346 1299 2394 et

65 2439 201 2492 memoria
213 2443 293 2492 utens
304 2454 353 2507 pro
362 2439 515 2506 praesentia,
529 2438 703 2492 dilectionem
716 2455 771 2507 qua
780 2438 860 2492 vobis
869 2438 1012 2507 astringor,
1024 2454 1059 2491 ne
1068 2454 1179 2507 prorsus
1192 2439 1300 2493 decidat

65 2539 108 2592 vel
128 2538 263 2606 frigescat,
281 2538 466 2592 incitamentis
486 2538 587 2606 quibus
605 2539 692 2602 valeo,
710 2538 806 2591 fulcire
827 2542 855 2591 et
875 2537 1046 2592 inflammare
1066 2553 1122 2592 non
1142 2539 1246 2592 desine.
1266 2540 1300 2593 Et

65 2638 187 2706 quidem,
199 2638 271 2691 sicut
282 2636 422 2706 copiosam
440 2637 509 2692 mihi
527 2637 663 2691 retinendi
675 2653 737 2692 earn
750 2653 784 2690 ex
797 2637 1016 2707 consideratione
1028 2638 1216 2707 impensorum
1231 2638 1299 2693 mihi

65 2756 80 2790 a
95 2737 174 2791 robis
192 2737 388 2790 beneficiorum
401 2742 545 2806 suppetere
557 2738 688 2807 profiteor
705 2737 857 2799 materiam,
870 2736 908 2791 ita
920 2736 1012 2800 etiam,
1030 2753 1064 2791 ne
1081 2754 1130 2807 pro
1148 2742 1225 2806 parte
1238 2754 1301 2792 mea

14 2846 47 2897 to
65 2837 191 2899 lactatur,
205 2852 260 2890 non
272 2836 408 2890 minorem
420 2836 448 2890 in
461 2837 650 2891 conservanda
667 2853 699 2890 ea
717 2836 887 2905 diligentiam
906 2836 1033 2890 adhibeo.
1052 2837 1204 2900 Nemeum
1221 2838 1299 2892 innu-

65 2953 143 2989 mera
155 2935 264 3006 pietatis
282 2939 311 2989 et
327 2936 442 2989 honoris
460 2936 593 3006 obsequia
611 2953 628 2989 a
645 2936 725 2991 vobis
742 2935 811 2990 mihi
830 2935 960 2998 exhibita,
978 2936 1073 2990 sedula
1091 2937 1300 3005 investigatione

66 3036 225 3105 frequenter
236 3050 355 3099 recurro,
367 3035 433 3103 quid
446 3035 521 3089 aliud
533 3035 594 3098 nisi,
607 3051 642 3089 ne
655 3036 682 3090 in
695 3034 775 3089 altari
787 3035 877 3088 cordis
894 3035 949 3089 mei
961 3036 1085 3102 ejusdem
1098 3035 1166 3105 ignis
1179 3035 1301 3090 dilectio·

67 3132 110 3185 nis
122 3132 240 3199 deficiat,
251 3148 328 3186 more
340 3133 491 3187 sacerdotis
507 3134 581 3187 idem
598 3133 627 3187 in
645 3134 716 3202 Lege
732 3133 800 3202 jussi
819 3134 916 3199 iacere,
934 3134 1057 3202 quotidie
1075 3135 1146 3204 ligna
1163 3135 1300 3205 subjicio?

68 3232 123 3286 Nec
135 3232 253 3285 multum
263 3247 335 3285 curas
344 3231 372 3285 in
384 3248 444 3296 me;
458 3248 514 3286 uon
526 3249 592 3308 curu
605 3234 679 3303 quod
693 3232 840 3302 aitpoeta:

20 3393 50 3440 ttt
143 3419 145 3422 -
366 3380 510 3445 Dorrnitat,
522 3380 545 3433 si
557 3396 612 3435 non
624 3380 685 3435 visu
696 3386 825 3451 pascatur
837 3381 935 3446 amico,

398 3480 431 3534 Et
442 3480 494 3534 uisi
506 3480 652 3549 colloquiis
663 3498 736 3551 saepe
749 3482 862 3547 fruatur,
875 3498 969 3545 arnor,

66 3627 200 3696 quoniam
213 3627 353 3688 dissoluta,
366 3626 477 3695 puerilis
495 3632 522 3680 et
544 3627 652 3680 infirma
665 3631 707 3681 est
723 3627 832 3681 affectio
845 3626 911 3680 talia
922 3626 958 3680 ab
971 3627 1090 3682 invicem
1108 3628 1299 3697 exigentium...

107 3725 142 3782 2.
162 3726 229 3793 Quas
247 3740 310 3776 cum
328 3724 366 3778 ita
383 3724 446 3788 sint,
458 3724 563 3778 nullam
580 3724 695 3780 ulterius
707 3726 762 3778 mei
775 3724 946 3792 corporalem
958 3725 1067 3793 copiam
1079 3725 1257 3794 requirentes,
1271 3727 1299 3782 in

65 3824 225 3878 detentione
237 3823 296 3891 ejus
308 3838 342 3875 na
354 3821 505 3890 fatigemini
516 3820 617 3875 animis
628 3823 734 3885 vestris,
752 3822 800 3875 sed
818 3825 905 3877 estote
924 3838 975 3875 vos
992 3823 1062 3877 sicut
1077 3828 1105 3877 et
1122 3840 1179 3892 ego,
1200 3829 1231 3879 ut
1248 3842 1298 3895 ego

17 3938 46 3987 ιο
64 3938 177 3993 quoque
189 3922 241 3976 sim
253 3921 324 3975 sicut
336 3926 364 3974 et
377 3937 425 3975 vos
432 3939 439 3984 ;
451 3921 583 3989 quoniam
596 3920 690 3975 omnia
701 3920 879 3974 similitudine
888 3921 1008 3990 gaudent
1020 3928 1047 3975 et
1058 3923 1235 3989 hilarescunt,
1245 3925 1298 3980 dis-

65 4021 246 4076 similitudine
255 4026 372 4074 mosrent
381 4025 408 4074 et
421 4020 572 4074 tabescunt
581 4020 654 4073 Nihil
666 4036 730 4088 ergo
743 4020 854 4074 sincerae
864 4020 1002 4075 dilectioni
1011 4022 1079 4090 juris
1092 4022 1134 4076 sui
1143 4022 1187 4077 vel
1194 4024 1298 4090 jurium

65 4121 192 4175 absentia
209 4121 331 4190 corporis
348 4121 487 4174 internos
504 4120 606 4184 demat,
626 4121 664 4175 nil
681 4121 796 4182 auferat,
814 4121 871 4187 sed,
889 4126 947 4175 tota
964 4121 993 4175 in
1013 4122 1114 4175 virtute
1132 4126 1160 4175 et
1179 4122 1299 4190 puritate

65 4217 201 4288 spirituali
212 4218 372 4282 consistens,
384 4234 493 4286 semper
504 4223 644 4288 augeatur,
654 4220 752 4272 intima
764 4220 851 4273 sancti
864 4219 978 4288 Spiritus
990 4221 1150 4287 aspersione
1162 4219 1190 4273 in
1202 4226 1298 4276 nostro

66 4319 143 4371 illam
155 4317 260 4387 spiritu,
270 4317 358 4371 donec
377 4318 412 4371 ad
430 4317 581 4386 perfectum
599 4323 700 4387 surgat,
712 4318 861 4387 plantante,
879 4319 984 4388 rigante
1001 4323 1030 4372 et
1047 4318 1203 4385 roborante,
1219 4321 1298 4389 juxta

15 4433 48 4482 25
66 4417 134 4472 illud
147 4436 154 4471 t
172 4418 295 4483 Spiritus
306 4426 344 4471 eat
356 4421 404 4486 qui
414 4421 537 4484 vivificat,
549 4435 613 4471 caro
625 4435 678 4472 noa
690 4420 802 4486 prodest
814 4420 963 4487 quidqmm
975 4419 996 4471 ⁸¹.
1009 4418 1058 4481 Ita,
1068 4420 1192 4486 obsecro,
1202 4419 1259 4498 flat,
1271 4424 1299 4475 et

65 4517 153 4587 gratia
166 4517 289 4582 ejusdem
302 4517 417 4586 Spiritus
430 4522 458 4571 et
469 4517 574 4571 meritis
586 4521 668 4586 atque
679 4517 808 4587 precibus
820 4522 847 4571 et
858 4517 956 4572 studiis
968 4519 1074 4573 vestris.

108 4617 143 4674 3.
160 4619 195 4671 Et
207 4631 241 4671 ne
252 4617 335 4686 digna
346 4621 374 4670 et
385 4633 506 4686 congrua
517 4618 597 4672 vobis
613 4633 724 4687 quoque
736 4617 770 4671 ad
780 4618 999 4673 succendendam
1018 4620 1140 4674 caritatis
1158 4620 1297 4674 fornacem

67 4717 139 4772 desit
151 4715 275 4780 materia,
287 4715 505 4780 reminiscimini,
522 4732 624 4785 quaeso,
642 4731 725 4785 quarn
743 4716 860 4770 devotus
872 4715 953 4771 suerit
964 4715 1092 4771 introitus
1104 4733 1183 4772 meus
1194 4718 1229 4773 ad
1241 4735 1300 4786 vos,

1322 2041 1518 2109 *compactum

1382 4377 1462 4476 aa.

1351 4487 1489 4557 quiquam.
