3142 5392
192 317 264 389 338
528 337 655 390 caran.
681 339 786 392 cono.
811 340 1090 395 uaerooaaerac.

191 527 308 581 refertur
327 544 345 581 a
364 527 532 581 Goldscbero
552 545 628 583 num.
642 532 673 583 tt
683 530 763 591 med..
775 534 803 582 et
814 530 919 584 mentio
928 532 1065 598 generalis
1085 533 1270 590 miraculorum
1284 540 1364 593 atnbu

189 627 292 681 sanctis
302 632 481 697 patratorum,
499 633 529 682 ut
546 628 610 682 ibid.
622 645 698 683 num.
717 631 749 682 16
766 629 931 698 mistusque
951 632 987 684 ad
1007 636 1249 702 emercetuupuoceo
1260 638 1365 695 curabat.

191 725 308 795 Reliqua
336 745 403 782 vero
428 745 489 797 quae
518 729 552 782 de
568 728 614 781 SS.
631 729 768 782 Eucherio
797 735 825 782 et
845 729 953 783 l'alerio
977 730 1106 800 leguntur
1133 734 1205 803 apud
1223 734 1364 791 Goldseheru

186 833 274 899 (narn.
288 830 318 880 16
330 828 593 891 init-‘liteontracta
601 834 664 881 sunt
676 828 721 881 his
731 829 825 897 paucis
838 829 944 883 serbis:

312 930 411 1011 igitur
431 929 547 992 beatus
568 927 746 991 Eucherius
767 928 891 1010 primus
912 928 1133 994 Treuerorum
1151 932 1367 1017 episcopuspre

353 1031 453 1092 rectae
461 1028 531 1109 jam
543 1027 648 1090 aetatis
659 1026 875 1102 lactusnocte
885 1028 1030 1109 quadam
1040 1036 1222 1112 apparente
1232 1032 1367 1115 sibianqeto

352 1127 523 1191 decessum
535 1144 631 1190 suum
646 1125 758 1189 didicit
771 1127 951 1203 imminere,
963 1132 995 1192 et
1007 1129 1180 1194 ecclesiam
1191 1130 1297 1196 Christi
1305 1133 1368 1197 beato

350 1225 479 1289 Valerio
501 1224 753 1288 commendarit.
777 1224 903 1290 Deinde
927 1231 1002 1308 post
1027 1227 1157 1292 felicem
1181 1230 1295 1294 obitum
1314 1231 1368 1295 beati

350 1325 468 1389 Valerii
483 1324 644 1405 pontificis
665 1323 884 1402 Trercrensis,
906 1329 1039 1389 sanetus
1061 1327 1229 1393 Maternus
1248 1330 1368 1393 tertiuiu

351 1425 432 1488 urbe
451 1423 585 1487 Treveri
599 1422 817 1504 pontificalem
831 1426 974 1507 suscepit
988 1426 1128 1507 apicem,
1143 1447 1165 1490 a
1179 1428 1271 1493 beato
1283 1428 1368 1492 luterio

351 1521 461 1583 divina
474 1519 672 1583 revelatione
686 1523 868 1601 prouectus.

217 1636 286 1698 lam,
299 1635 373 1704 quod
385 1636 419 1687 ad
439 1634 522 1704 ipsius
539 1635 564 1687 S.
581 1634 694 1687 Materni
707 1635 895 1703 pontificatum
913 1642 1026 1704 spectat,
1038 1654 1089 1706 pro
1108 1640 1142 1693 iis
1160 1657 1221 1709 quoe
1238 1642 1307 1696 refert
1318 1639 1368 1695 uolt

185 1737 298 1789 scherus
309 1751 384 1789 num.
395 1735 436 1798 9⁹2,
454 1734 535 1803 longe
551 1734 629 1803 plura
648 1734 682 1787 de
694 1735 841 1788 virtutibus
853 1735 925 1788 iltius
937 1752 971 1789 ex
989 1736 1051 1791 aliis
1068 1736 1193 1793 lontibus
1210 1741 1252 1794 rel
1267 1740 1368 1794 tradition

184 1835 267 1888 trudit
278 1851 433 1903 anonymus
445 1839 539 1887 noster
551 1853 557 1886 ε
570 1850 630 1901 quae
643 1833 789 1900 subjuncta
799 1834 942 1902 Appendix
953 1851 1018 1889 mox
1027 1836 1135 1906 integra
1144 1839 1285 1893 exhibebit

217 1934 345 2002 Sequitur
364 1932 461 1986 relatio
481 1933 515 1985 de
534 1937 624 1986 morte
644 1932 767 1995 Mummi,
787 1933 885 1986 iisdem
909 1933 1001 1987 verbis
1021 1936 1094 1989 sieut
1116 1938 1191 2006 apud
1211 1938 1367 1993 Goldsclurun

184 2048 288 2085 numm.
300 2033 332 2085 ‘23
344 2037 371 2085 et
382 2032 415 2085 94
426 2033 534 2100 (praeter
546 2031 671 2084 ultimam
684 2031 807 2100 phrasim
819 2032 853 2085 de
865 2032 1008 2101 exequiis).

216 2131 339 2199 lienique
358 2131 417 2197 ejus
434 2132 557 2199 exequiae
574 2146 624 2183 seu
642 2129 734 2200 potius
751 2133 942 2185 contentiones
955 2132 1027 2185 circa
1038 2150 1141 2202 corpus
1154 2134 1214 2189 fuse
1225 2135 1366 2189 describuntu

182 2228 254 2295 apud
266 2243 454 2296 anonymum:
472 2244 555 2295 quam
573 2226 792 2294 descriptionem,
814 2244 900 2296 quum
918 2228 1032 2282 omnino
1052 2230 1225 2286 desideretur
1243 2231 1304 2301 apud
1316 2229 1365 2283 [told

181 2326 318 2387 seherum.
328 2326 373 2380 hic
386 2326 468 2379 etiam
482 2327 509 2379 iu
522 2326 680 2394 Appendice
692 2325 857 2394 vulgandam
872 2327 1007 2381 duximus.

661 2539 929 2549 Q—

452 2799 663 2910 Appendia
688 2799 738 2885 ad
764 2799 845 2885 cod.
875 2820 919 2883 n⁰
944 2799 1137 2890 2493-98.

283 3039 320 3081 un
342 3041 367 3080 s.
390 3038 539 3095 irtacum,
562 3038 728 3081 arsunsssr
749 3038 901 3082 flascone.
925 3018 1003 3102 (Cir.
1025 3040 1098 3101 pag.
1121 3040 1229 3102 praec,
1248 3020 1294 3099 8⁰.)

211 3215 287 3267 lleati
303 3215 394 3282 itaque
405 3214 519 3268 liuberti
531 3214 643 3282 speciali
655 3214 753 3268 merito
767 3214 795 3267 in
807 3214 953 3283 saepedicto
964 3215 1135 3268 monasterio
1148 3206 1366 3279 habetursinnlm

177 3316 315 3384 quoddam
325 3315 496 3383 priuilegium
507 3315 628 3383 probatae
642 3313 757 3377 virtutis
770 3319 808 3375 ut,
819 3315 841 3367 si
855 3314 915 3382 quis
928 3315 1045 3368 intectus
1057 3332 1154 3369 morsu
1171 3312 1323 3369 rabidioris
1335 3302 1367 3355 ²11¹

176 3415 233 3484 lupi
249 3420 297 3468 aut
308 3415 504 3481 cujuscumque
523 3414 682 3466 insanientis
699 3413 826 3466 animalis
843 3414 889 3466 illo
902 3413 1070 3481 confugiens.
1083 3415 1209 3469 immisso
1226 3414 1332 3468 sibiauru
1343 3410 1366 3452 (ἰ

175 3514 246 3567 stola
258 3514 344 3565 sancti
362 3512 498 3580 pontilicis
515 3511 630 3564 Huberti
652 3513 679 3564 in
699 3512 800 3564 vertice
819 3512 894 3564 incisi
911 3511 1007 3580 capitis
1024 3513 1109 3565 ritum
1127 3514 1249 3580 ejusdem
1265 3498 1367 3566 inesioua

175 3613 335 3670 servaverit.
352 3611 411 3663 sine
428 3611 511 3663 dubio
529 3611 628 3664 evadet
645 3611 795 3679 perieulum
814 3611 972 3664 certissimae
988 3611 1094 3665 mortis.
1109 3612 1143 3666 Et
1156 3617 1187 3666 ut
1201 3588 1248 3681 per
1263 3596 1389 3665 ercesffll

178 3729 241 3764 uera
254 3711 401 3780 probemus
414 3726 473 3762 esse
483 3726 544 3776 quae
556 3710 681 3773 «licinius,
692 3710 810 3763 vidimus
822 3709 873 3777 ipsi
885 3710 986 3762 nostris
998 3711 1171 3778 temporibus
1179 3712 1247 3764 duos
1251 3696 1367 3778 jureneslt

176 3828 246 3879 pago
260 3809 414 3862 llasbanico
432 3809 488 3876 qui,
505 3807 598 3861 inlecti
611 3808 758 3876 aquodam
776 3825 843 3860 cane
861 3808 965 3873 rabido,
982 3824 1016 3860 ue
1034 3809 1069 3861 ad
1087 3810 1187 3863 merita
1204 3810 1273 3863 beati
1287 3792 1367 3859 Hubert

176 3911 354 3977 confugerent
374 3908 478 3960 seducti
499 3912 595 3960 sunta
616 3908 736 3974 quodam
754 3907 922 3975 presbytero.
938 3907 1069 3960 Promisit
1089 3908 1164 3962 enim
1184 3910 1224 3962 eis
1243 3902 1368 3977 quibuscum

177 4008 408 4062 incantationibus
427 4012 454 4059 et
473 4006 682 4059 medicamentis
701 4007 819 4069 mederi;
839 4011 1006 4075 acceptoque
1027 4007 1090 4060 inde
1110 4004 1372 4071 commoduieciteu

174 4125 282 4162 cessare
295 4108 378 4167 dorni,
391 4106 612 4173 confugientibus
624 4106 685 4159 aliis
697 4107 732 4158 ad
745 4106 927 4174 patrocinium
941 4106 1014 4159 beati
1026 4106 1153 4171 Huberti,
1162 4108 1211 4177 qui
1228 4108 1343 4162 uidelicet
1353 4099 1375 4154 ul
1385 4094 1402 4152 u

175 4209 271 4261 eodem
286 4223 353 4260 carm
366 4208 474 4259 lucrant
487 4206 587 4259 inlecti.
605 4206 710 4272 Quibus
727 4206 801 4258 sanis
814 4205 928 4258 domum
941 4206 1078 4273 regressis,
1087 4208 1210 4275 praedicti
1223 4208 1277 4262 duo
1290 4208 1381 4276 iuvem

175 4308 251 4360 liniis
264 4311 291 4359 ct
303 4306 443 4359 (leuioribus
454 4306 543 4358 uexati
554 4310 694 4373 ceperunt
707 4304 833 4367 insanire,
843 4310 873 4357 ut
888 4304 946 4373 lupi
957 4304 1071 4369 ululare,
1083 4309 1114 4359 ut
1131 4323 1216 4360 canes
1228 4306 1385 4369 latrarem-

172 4423 227 4473 quc
245 4422 261 4456 a
278 4404 335 4458 suis
352 4405 386 4456 ad
399 4403 472 4457 beati
485 4403 621 4471 pontilicis
638 4404 838 4457 ruonasterium
857 4402 967 4456 deducti
984 4402 1145 4473 ibidemque
1156 4405 1323 4462 horribiliter
1332 4405 1389 4476 erpi·

172 4508 264 4555 rantes
278 4501 434 4554 ridentibus
448 4506 475 4554 ct
487 4500 662 4554 audientibus
671 4502 823 4554 maximum
837 4499 1010 4553 incusserunt
1022 4500 1177 4556 horrorem.

206 4600 244 4651 Ex
256 4599 329 4652 clono
343 4598 519 4651 liarlomanni
532 4600 602 4667 regis
614 4598 698 4651 halmt
710 4598 825 4651 ecclesia
837 4597 1037 4666 Andaginensis
1045 4599 1136 4652 sancti
1144 4600 1264 4659 Huberti
1271 4606 1399 4675 quoddam

168 4698 329 4767 psalterium
341 4714 375 4752 ex
392 4701 451 4751 toto
469 4714 536 4752 auro
554 4697 695 4767 scriptum.
708 4698 766 4752 lloc
784 4698 950 4767 quandoque
962 4696 1123 4767 psalterium
1142 4699 1237 4757 fuerat
1250 4704 1402 4762 iuratumet
