3142 5392
97 2904 111 2935 '⁸
122 2907 177 2959 cod.
187 2908 271 2958 tanta.

144 2974 157 3003 ⁸
168 2975 224 3026 cod.

111 3037 257 3107 congestio.

129 3303 142 3332 *
154 3319 241 3369 supra

125 3369 173 3420 lin.
180 3376 241 3434 poet

103 3434 265 3500 gaudebant.

306 330 379 402 580
643 352 770 404 CATAL.
796 353 901 404 CODD.
927 354 1207 409 uuulouuaefflc.

349 539 383 596 6.
415 541 484 594 Cum
506 541 585 609 igitur
609 541 699 594 adhuc
721 541 813 608 junior
834 542 968 611 frequenti
991 542 1109 597 lectione
1131 545 1203 597 sacri
1225 545 1330 614 eloquii
1353 547 1481 602 instmrtus
1494 558 1515 604 et

305 638 395 705 justos
407 638 526 707 praemiis
538 639 755 691 remunerandos
764 639 929 707 perennibus
938 644 966 694 et
978 639 1093 706 injustos
1102 640 1246 709 suppliciis
1259 644 1385 696 tartareis
1392 645 1519 713 puniendos

307 737 471 800 didicissem,
490 737 553 790 hinc
566 737 725 793 delectatus.
737 736 800 791 inde
816 737 983 805 perterritus,
995 738 1120 792 lascivias
1135 740 1293 806 juventutis
1306 747 1333 794 et
1351 743 1457 812 ineptias
1465 747 1517 813 copi

308 836 433 890 deserere
446 842 473 889 et
489 835 654 893 abominari.
665 836 736 889 seria
748 853 813 889 vcro
831 854 947 905 quaeque
964 838 1095 905 gravioris
1115 839 1205 893 aeutis
1224 841 1351 894 aeurulari
1369 847 1395 895 et
1407 844 1518 912 amplecti

307 934 444 1003 uigilando
466 935 578 993 scilicet.
599 936 750 1003 jejunando
771 942 799 989 et
816 938 929 996 orando.
946 936 1036 989 missis
1056 954 1168 1006 quoque
1185 938 1333 993 audiendis
1351 940 1483 995 insistendo
1499 949 1538 1001 ctt

307 1050 401 1087 earum
413 1034 632 1088 celebratoribus
646 1035 747 1088 devote
759 1035 940 1089 ministrando
953 1040 979 1088 et
992 1037 1090 1104 saepius
1100 1053 1185 1105 quam
1199 1039 1447 1095 eatenusiecissem
1454 1042 1519 1095 ercle

306 1132 361 1185 sias
373 1132 582 1201 frequentando.
596 1134 663 1200 Quae
676 1133 788 1202 quidam
801 1136 920 1202 perversi
935 1135 1021 1204 magis
1033 1135 1174 1203 hypocrisi
1191 1136 1368 1205 deputabant
1380 1157 1455 1207 quam
1470 1141 1518 1195 sim·

306 1229 422 1300 plicitati
433 1231 476 1284 rel
488 1232 600 1299 puritati

348 1328 382 1385 7.
406 1330 542 1396 Veuitque
553 1329 580 1382 in
590 1336 711 1383 mentem
722 1334 760 1393 ut,
768 1331 909 1398 praemisso
921 1331 970 1383 Dci
980 1348 1073 1385 amore
1119 1338 1148 1385 et
1157 1333 1310 1400 subjuncta
1318 1336 1372 1388 mei
1381 1352 1447 1391 cura.
1455 1337 1516 1389 tertio

307 1428 341 1481 de
359 1429 448 1481 salute
470 1404 588 1495 proximi
654 1431 857 1494 competentem
878 1444 1026 1496 proposse
1049 1445 1174 1497 gererem
1200 1429 1417 1485 sollicitudinem
1472 1432 1515 1485 lloc
1526 1446 1545 1493 tt

306 1527 446 1589 instinctu,
452 1543 515 1579 cum
523 1526 565 1591 (ut
573 1526 697 1593 praedixi)
708 1526 798 1579 adhuc
808 1543 895 1580 essem
903 1528 995 1594 junior
1004 1528 1192 1596 haberemque
1200 1528 1297 1597 plures
1307 1530 1516 1599 amicosuepotes.

306 1632 470 1686 cooetaueos
481 1625 594 1678 dirersis
607 1625 635 1678 iu
646 1626 730 1678 rebus
742 1627 944 1680 contenderatos
954 1627 1090 1695 iidemque
1103 1644 1186 1696 quam
1197 1628 1258 1681 Deo
1270 1631 1466 1698 spoponderant
1475 1647 1516 1684 uon

306 1726 330 1778 ei
344 1726 394 1778 sed
403 1724 508 1777 mundo
518 1724 562 1778 cui
577 1724 840 1778 abrenuntiaverant
848 1726 922 1778 malo
932 1742 983 1778 suo
995 1732 1226 1779 conservantes
1239 1728 1336 1781 rolens
1348 1745 1394 1781 eos
1405 1730 1437 1782 ab
1448 1729 1516 1782 illece

307 1824 365 1878 bris
377 1823 474 1876 mundi
488 1840 619 1876 revocare
632 1825 703 1877 etad
716 1840 841 1878 amorem
851 1824 899 1878 Dei
910 1841 1068 1892 prouocare,
1080 1840 1137 1878 non
1154 1843 1240 1880 causa
1248 1827 1388 1894 jactantia
1399 1829 1439 1881 rel
1448 1835 1516 1881 osten·

307 1921 419 1975 tatiouis
427 1920 623 1989 scientiaeque
634 1923 690 1975 lere
703 1923 783 1976 inme
795 1923 926 1986 nullaest‚
934 1924 1002 1991 ccepi
1013 1923 1052 1976 eis
1060 1923 1216 1998 scriptitare
1226 1931 1254 1978 et
1297 1927 1516 1994 multasersseripsi
1527 1938 1546 1984 tt

306 2019 437 2086 epistolas
486 2019 524 2071 lle
534 2020 634 2086 quibus
646 2019 772 2073 videlicet
781 2020 903 2088 epistolis
910 2021 932 2073 si
945 2020 1119 2089 quisquerat
1131 2022 1261 2090 adquam
1272 2024 1417 2077 utilitatem
1428 2024 1516 2093 scripse·

306 2116 358 2170 rim
370 2133 416 2169 eas
460 2117 581 2170 breviter
594 2119 746 2186 respondeo
759 2120 822 2187 quia
836 2119 943 2172 etmihi
956 2136 1012 2173 non
1025 2120 1093 2173 nibil
1105 2125 1132 2173 et
1142 2121 1182 2173 eis
1194 2122 1297 2190 quibus
1309 2124 1398 2177 missae
1409 2128 1466 2177 sunt
1475 2123 1516 2192 plu·

306 2215 406 2268 rimum
429 2217 612 2284 profecerunt.
634 2217 699 2270 Mihi
718 2218 839 2285 quidem,
859 2217 991 2285 quoniam
1010 2234 1042 2271 ex
1059 2218 1147 2273 otioso
1165 2220 1326 2274 studiosum
1343 2223 1517 2283 iecerunbillis

306 2320 398 2368 autem
418 2316 506 2368 multo
519 2317 614 2384 magis,
630 2317 686 2384 qui.
705 2333 801 2370 earum
819 2317 1037 2371 admonitionem
1049 2318 1168 2372 libenter
1179 2320 1362 2389 suscipientes
1373 2328 1426 2375 eta
1440 2338 1518 2376 cenosa

306 2419 480 2481 peccatorum
494 2415 704 2469 conuersatione
716 2432 776 2468 sese
789 2417 970 2485 proripientes
1017 2417 1051 2470 ad
1065 2417 1120 2470 alta
1132 2417 1254 2472 coelestis
1271 2420 1336 2473 vitre
1354 2438 1383 2474 se
1400 2420 1548 2477 transtulett

306 2518 378 2565 runt.
390 2512 444 2566 Nec
457 2513 546 2566 solum
561 2514 612 2566 illis
626 2514 727 2583 quibus
740 2514 804 2567 olinr
824 2515 928 2568 eaedem
941 2515 1062 2584 epistolae
1079 2517 1170 2570 missae
1182 2524 1256 2579 sunt,
1275 2520 1441 2586 profuerunt
1451 2519 1519 2573 sedet

306 2611 350 2664 his
363 2611 490 2679 deinceps
502 2611 570 2665 siah
589 2612 726 2680 aliquibus
738 2612 871 2680 legantur.
881 2630 937 2666 non
950 2619 1006 2666 tam
1019 2614 1128 2667 insulsae
1140 2621 1205 2669 suut
1217 2617 1286 2685 quiu
1299 2618 1466 2687 aliquatenus
1475 2635 1519 2686 pro

307 2711 386 2763 desso
399 2712 512 2778 possint.

349 2809 381 2866 8.
400 2809 426 2861 Si
441 2811 502 2877 quis
514 2814 608 2861 crutam
618 2810 802 2877 prolixitatem
816 2827 908 2862 earum
920 2810 1011 2878 culpet
1056 2810 1183 2878 dicatque
1194 2811 1282 2865 rideri
1295 2819 1324 2867 et
1336 2831 1431 2867 souare
1440 2817 1520 2882 jactan-

307 2908 372 2960 tiam
384 2913 489 2960 tantam
501 2909 513 2935 *
524 2907 673 2959 rerlmrum
684 2907 888 2975 congestionem
902 2908 914 2937 *
964 2907 1057 2960 audiat
1067 2907 1227 2973 hujusmodi
1241 2911 1426 2978 reprehensor
1437 2918 1462 2965 et
1471 2911 1520 2962 sciat
1533 2921 1552 2969 εξ

306 3007 379 3073 quia.
390 3011 458 3058 testo
469 3005 635 3058 couscientia
648 3023 718 3061 mea.
731 3005 758 3058 in
771 3005 814 3058 his
823 3023 884 3073 quae
897 3011 960 3059 tunc
971 3006 1101 3075 temporis
1109 3006 1268 3062 scribebam
1288 3026 1346 3063 non
1363 3011 1470 3078 gloriam
1482 3009 1522 3061 ina·

307 3122 370 3158 nem
390 3123 441 3158 nec
459 3105 543 3158 ullam
562 3105 697 3173 appetisse.
710 3105 930 3166 ostentationem,
943 3105 1134 3173 sedquoniam
1153 3107 1236 3160 amici
1254 3114 1335 3162 erant
1352 3113 1522 3164 solarueorun

307 3205 437 3271 quaesisse
454 3205 580 3257 salutem.
595 3204 674 3270 Quod
694 3204 744 3271 ipsi
762 3221 872 3272 quisque
887 3204 1074 3273 intelligentes,
1086 3221 1143 3258 nou
1161 3207 1314 3262 verborum
1328 3210 1372 3262 rel
1383 3210 1522 3277 scriptomn

307 3320 432 3357 meorum
452 3304 607 3370 prolixitate
626 3304 812 3356 causabantur
823 3304 939 3367 onerari,
951 3305 998 3356 sed
1010 3304 1165 3371 gaudebant
1175 3306 1360 3362 vehementer
1369 3315 1397 3363 et
1407 3313 1524 3363 se‘testa·

307 3403 406 3455 bantur
418 3404 554 3456 aedificari.
567 3404 725 3455 Seribebam
739 3409 832 3456 autern
846 3403 971 3455 litteratis
983 3403 1093 3470 quidem
1104 3405 1150 3457 sed
1160 3406 1280 3459 seculari
1293 3408 1444 3462 litteratura
1455 3409 1524 3462 inibu-
1536 3414 1556 3462 u

308 3505 348 3560 tis
369 3503 462 3556 divina
480 3519 545 3555 vero
564 3508 611 3555 aut
628 3518 724 3569 parum
744 3507 791 3555 aut
809 3502 875 3555 nihil
893 3502 1039 3565 instructis¹
1056 3504 1104 3556 sed
1116 3504 1266 3557 mundanis
1280 3508 1524 3576 occupationibuset

307 3604 440 3658 illecebris
459 3609 486 3656 ct
504 3601 717 3669 obligationibus
737 3600 929 3653 miserabiliter
948 3601 1067 3660 irretitis,
1090 3602 1209 3670 ideoque
1231 3606 1420 3660 necessarium
1440 3613 1490 3660 erat
1502 3611 1524 3656 ut

306 3701 501 3769 multiplicibus
522 3717 606 3751 sacrae
630 3699 760 3752 doctrinae
782 3698 954 3751 documentis
972 3699 1013 3751 rel
1036 3699 1176 3752 sententiis
1200 3702 1388 3761 erudirentur.
1411 3709 1446 3768 ul,
1466 3703 1524 3772 quod

307 3817 400 3867 paucae
413 3817 468 3852 non
481 3804 600 3866 possent,
612 3798 706 3850 multae
719 3798 746 3850 iu
759 3797 798 3850 eis
810 3799 971 3864 perlicerent

347 3899 380 3957 9.
402 3900 429 3955 Si
445 3898 638 3966 reprehendor,
649 3896 797 3948 bonmncio
808 3913 870 3949 cum
883 3895 934 3948 sim
948 3896 1032 3949 idiota
1042 3901 1069 3949 et
1081 3897 1208 3950 indoctus
1218 3915 1268 3951 cur
1279 3901 1416 3967 jactanter
1424 3902 1524 3954 officium
1536 3905 1556 3954 a

307 3998 450 4049 doctorum
463 3995 607 4047 scribendo
618 4010 750 4060 usurpare
759 3992 977 4061 praesumpserim
992 4012 998 4044 ε
1015 3994 1169 4060 respondeo
1182 4011 1233 4047 nec
1244 3996 1386 4062 jactantiae
1398 4015 1444 4052 uec
1453 4003 1524 4050 osten

306 4095 417 4147 tationis
426 4110 474 4146 scu
487 4092 716 4161 praesumptionis,
728 4093 776 4143 sed
787 4091 907 4144 caritatis
918 4093 1043 4143 sratemae
1053 4091 1136 4144 fuisse
1149 4098 1180 4145 ut
1192 4095 1347 4149 scriberem

351 4192 406 4247 10.
424 4192 464 4243 De
474 4190 577 4241 vilitate
588 4205 652 4241 vero
663 4191 711 4240 aiut
722 4187 870 4240 msticitate
881 4187 1036 4240 dictaminis
1045 4188 1168 4241 excusari
1178 4205 1235 4242 non
1246 4190 1368 4260 indigeo,
1377 4195 1440 4262 quia
1447 4208 1524 4245 oraine·

306 4291 351 4358 qiu
367 4307 410 4342 rue
429 4293 566 4341 noverunt
577 4287 666 4339 sciunt
687 4302 731 4336 mc
751 4302 805 4337 nou
824 4302 884 4337 esse
903 4284 1041 4337 rhetorem
1060 4289 1108 4338 aut
1124 4287 1349 4353 grammaticum,
1361 4292 1409 4344 sed
1425 4305 1524 4358 segneur

305 4388 430 4456 ignarum
444 4391 471 4438 ct
490 4386 605 4438 inertem
620 4388 645 4436 ct
664 4382 748 4435 totius
761 4383 817 4435 iere
830 4382 961 4435 secularis
978 4381 1098 4435 scientiae
1115 4388 1267 4451 expertem.
1286 4387 1340 4440 Sed
1353 4389 1387 4441 ad
1400 4389 1461 4457 quid
1471 4384 1556 4446 taaep

305 4487 419 4539 Etiamsi
437 4485 564 4537 universa
583 4482 737 4535 liberalium
750 4482 850 4534 artium
864 4482 994 4534 t'acultale
1006 4482 1147 4534 affluerem
1194 4488 1321 4538 attamen
1338 4488 1407 4540 mihi
1419 4494 1476 4541 tuuc
1485 4484 1523 4538 uti·

304 4586 357 4638 lius
369 4592 397 4638 et
407 4583 544 4637 salubrius
559 4583 702 4634 ridebatur
711 4582 814 4634 eisdem
828 4581 873 4650 qui
892 4581 1054 4649 ignorabant
1066 4585 1093 4634 et
1105 4582 1236 4636 errabant
1253 4590 1283 4637 et
1295 4586 1324 4639 in
1335 4588 1427 4641 seculo
1439 4584 1524 4656 pericli·

305 4686 441 4747 tollantur,
459 4700 528 4750 quos
547 4682 723 4736 intendebam
740 4681 883 4749 corrigere,
895 4686 925 4733 ut
943 4681 1017 4748 puris
1035 4686 1062 4734 et
1079 4680 1251 4748 simplicibus
1271 4686 1364 4739 verbis
1381 4688 1521 4741 instruerem
