3142 5392
207 316 301 368 nini.
319 314 400 367 nno.
419 313 591 365 uauxcaa.
611 335 657 344 -
676 313 823 365 nerano.
842 314 887 365 an
906 314 984 375 con.
1003 306 1042 365 ΝΟ
1058 313 1182 368 teca-ro.
1236 297 1306 371 401

498 524 590 583 Item
611 523 705 583 altus
725 523 907 594 prologus.

147 746 161 771 t.
178 718 229 772 llos
241 734 306 787 ergo
318 716 419 770 nostris
431 732 503 769 nunc
517 715 686 784 temporibus
699 716 756 769 Deo
768 715 848 778 notis,
861 715 984 768 omnium
1005 721 1162 770 sanctorum
1183 719 1311 787 suffragia

147 818 250 872 nillimis
266 816 393 885 precibus
410 819 555 868 exorantes
573 814 716 883 Deumque
727 814 756 867 in
769 813 944 866 veneratione
956 830 1050 867 eorum
1062 815 1245 884 principaliter
1255 816 1312 886 glo·

147 934 196 972 :are
215 917 362 984 cupientes,
385 914 468 968 unius
490 913 586 967 saltem
610 929 643 966 ex
670 913 826 966 reverendis
851 912 984 980 capitibus
1007 915 1108 967 nostris
1134 914 1311 970 eminentiam

147 1018 219 1087 gulari
236 1015 343 1083 scripto,
361 1013 487 1067 fidelibus
500 1014 526 1066 id
540 1012 751 1081 acceptantibus,
763 1011 891 1065 duximus
903 1013 1130 1080 prosequendam.
1147 1013 1215 1067 Nam
1228 1013 1311 1067 virtu·

147 1134 160 1171 n
175 1117 225 1181 ejus
237 1114 383 1183 fragrantia
397 1115 406 1149 ¹
418 1130 473 1166 non
491 1112 665 1166 mediocriter
676 1111 810 1176 delectati,
821 1110 964 1180 patrocinii
981 1129 1090 1181 quoque
1108 1113 1167 1181 ejus
1184 1114 1312 1184 implora·

147 1230 174 1266 ne
183 1214 275 1280 pariter
292 1215 320 1263 et
336 1209 477 1263 desideriis
497 1209 523 1262 id
544 1207 759 1278 praestolantium
776 1207 908 1271 suscitati,
925 1208 1094 1262 aedificabilis
1111 1227 1194 1279 opera
1212 1213 1261 1266 Dei
1278 1215 1312 1268 de

147 1315 279 1365 >renovato
296 1309 360 1363 stilo
378 1324 520 1377 proposse
539 1311 632 1360 nostro
652 1306 817 1361 intendimus
834 1306 868 1359 ad
886 1306 1007 1360 medium
1025 1308 1174 1376 producere
1191 1316 1219 1364 et
1238 1311 1313 1367 velut

147 1411 214 1464 iiiive
231 1410 328 1462 virtute
346 1408 453 1461 devotis
469 1407 613 1475 singularis
630 1405 718 1459 meriti
736 1405 851 1474 gratiam
869 1405 904 1458 ad
921 1405 1045 1459 imitandi
1063 1409 1218 1477 exemplum
1236 1427 1313 1465 revo-

147 1525 173 1562 re.
186 1509 236 1562 Non
253 1514 345 1561 tamen
365 1507 458 1559 omnia
476 1522 559 1574 opera
577 1505 625 1558 Dei
644 1504 672 1557 in
690 1504 744 1567 illo,
756 1520 816 1572 quae
833 1521 889 1557 non
907 1505 959 1558 nisi
977 1505 1027 1559 soli
1045 1507 1102 1559 Deo
1119 1512 1234 1575 possunt
1250 1525 1314 1563 con·

147 1624 182 1668 ue.
193 1624 234 1661 sen
245 1607 338 1661 omnia
351 1622 435 1674 opera
446 1605 577 1658 virtutum
591 1620 651 1672 quac
666 1603 699 1656 de
715 1604 774 1671 ipso
787 1602 908 1657 claruere
929 1604 1096 1670 hominibus,
1109 1605 1160 1659 nisi
1172 1607 1314 1663 dumtaxat

155 1720 233 1772 quaa
244 1704 308 1758 viris
320 1702 522 1757 venerabilibus
534 1700 752 1769 authenticisque
763 1700 887 1768 personis
898 1701 997 1769 quibus
1009 1701 1146 1769 intererat,
1158 1721 1274 1772 quarum
1286 1710 1314 1760 et

147 1802 231 1855 odibilia
244 1802 322 1856 valde
339 1802 411 1854 facta
424 1805 488 1853 sunt
499 1799 664 1860 testimonia,
677 1798 799 1866 diligenti
812 1797 986 1866 inquisitione
998 1800 1049 1853 sub
1061 1807 1232 1856 sacramento
1242 1804 1314 1869 jnra-

147 1901 186 1953 enti
196 1902 350 1963 examinata,
362 1915 472 1952 summo
484 1898 609 1951 Pontitici
622 1897 728 1965 scriptis
739 1896 913 1950 manifestata
924 1902 996 1951 sunt.

149 1996 174 2054 7.
189 1998 245 2064 Qua
253 1999 392 2068 quoniam,
402 1997 635 2065 quemadmodum
645 2012 693 2064 per
702 1995 823 2048 diversas
832 1995 976 2049 schedulas
983 1996 1089 2062 diffusa,
1097 1998 1125 2051 in
1132 2015 1187 2052 uno
1195 2001 1315 2055 contine·

147 2096 341 2150 nturrolumine
353 2095 474 2157 collecta,
486 2094 633 2161 minusque
649 2092 685 2145 ob
702 2092 755 2144 boc
773 2092 925 2159 composita
936 2097 1120 2162 comperimus
1131 2101 1159 2149 et
1175 2098 1210 2150 ad
1226 2096 1315 2166 legen·

147 2208 172 2245 un
181 2194 293 2257 formata,
306 2211 365 2257 nos,
378 2194 412 2246 de
430 2193 530 2261 pietate
543 2192 592 2245 Dei
604 2191 707 2254 contisi,
719 2207 788 2244 ausu
800 2192 920 2245 caritatis
937 2195 1133 2261 quoquomodo
1145 2195 1314 2252 usitatiorem

155 2291 240 2360 tegendi
257 2293 403 2348 formulam
421 2294 581 2360 adaptantes
590 2291 609 2354 ²,
622 2307 704 2344 omne
715 2307 813 2359 corpus
826 2291 942 2344 invente
954 2292 1075 2346 materia
1086 2293 1115 2346 in
1124 2295 1193 2348 duos
1207 2295 1313 2351 libellos
1363 2362 1369 2374 .

147 2388 305 2459 implevimus,
327 2393 466 2461 cupientes
490 2391 591 2459 aliquid
615 2390 740 2444 fidelibus
757 2391 792 2442 ad
811 2390 1019 2444 aedificationem
1037 2397 1064 2445 et
1084 2393 1180 2447 saltem
1201 2412 1256 2448 uno
1280 2412 1312 2450 ex

147 2489 227 2555 pitibus
242 2493 341 2545 nostris
354 2508 387 2545 ex
400 2492 452 2544 boc
469 2491 578 2561 modico
597 2490 690 2543 labore
706 2494 800 2542 nostro
818 2489 960 2557 provenire
978 2490 1013 2543 ad
1030 2491 1189 2560 ampliorem
1203 2511 1312 2549 venera-

147 2601 208 2643 inem.

148 2683 174 2742 8.
184 2688 209 2743 In
219 2691 410 2759 primolibello‚
420 2688 568 2743 secundum
579 2688 853 2755 numerumssseptem
866 2693 1100 2744 sacramentorum
1108 2691 1234 2745 Ecclesiae
1241 2693 1312 2761 prin·

147 2784 226 2850 talium
242 2785 478 2843 conversationem
497 2785 555 2851 ejus
572 2800 620 2851 per
637 2787 741 2852 septem
760 2783 878 2851 capitula
890 2783 1092 2852 distinguentes,
1111 2788 1259 2842 secundum
1279 2790 1312 2844 de

147 2883 184 2947 pis
201 2887 254 2954 ejus
277 2893 304 2939 et
328 2884 467 2938 miraculis
492 2883 656 2952 quibusdam
681 2882 797 2936 ostensis
825 2881 884 2950 pari
906 2883 1052 2936 deuotione
1079 2902 1312 2956 supererogamus.

157 2987 255 3054 atroque
274 2991 366 3038 tamen
384 2983 454 3037 inter
471 2983 560 3050 capita
576 2986 671 3034 nostra
689 2987 716 3034 et
733 2986 841 3034 montes
860 2982 942 3035 lsrael
954 2983 1033 3052 digne
1045 3000 1105 3038 esse
1117 2986 1313 3041 exaltandum⁴

147 3092 182 3145 {ae
190 3081 212 3136 in
222 3083 343 3151 catalogo
355 3085 512 3134 sanctorum
524 3080 623 3133 merito
641 3080 886 3144 annumerandum,
896 3083 1143 3150 comprobavimus.
1155 3084 1312 3141 Elizabeth⁶

147 3175 194 3232 alla
203 3181 300 3236 Christi
313 3181 366 3233 hoc
379 3186 427 3242 est,
437 3196 505 3248 quae,
518 3177 683 3233 conditionis
694 3177 786 3230 liberae
799 3178 925 3241 existens,
937 3185 1033 3249 utpote
1044 3182 1226 3237 illustrissima
1236 3190 1312 3239 nata·

147 3287 170 3327 tn
179 3283 229 3331 orta
240 3296 256 3332 a
267 3277 539 3348 progenitoribusque
551 3275 660 3344 regibus
669 3276 749 3339 edita,
762 3275 848 3328 multo
858 3276 1002 3345 gloriosius
1013 3279 1064 3332 sibi
1075 3297 1160 3348 genus
1172 3286 1200 3335 et
1210 3299 1312 3337 nomen

149 3370 238 3431 Christo
250 3377 346 3431 sortita
358 3382 406 3431 est.
418 3377 482 3429 Haec
500 3375 611 3428 calicem
621 3374 732 3428 Domini
744 3374 842 3428 devote
854 3377 1028 3444 amplectens,
1039 3378 1173 3446 patienter
1183 3381 1211 3433 in
1223 3382 1311 3436 humi·

147 3472 228 3528 tte‘et
243 3477 370 3529 ardenter
387 3475 415 3528 in
433 3474 545 3527 caritate
562 3472 743 3541 dejectionem
756 3489 835 3526 suam
853 3479 881 3526 et
898 3476 1138 3540 conculcationem,
1156 3483 1312 3549 contempta

147 3567 256 3639 Mane,
267 3572 414 3627 sustinuit:
433 3572 621 3641 peccatoribus
638 3587 694 3624 non
712 3571 848 3624 immerito
866 3572 999 3626 incutiens
1016 3581 1129 3639 metum,
1146 3577 1311 3631 secularibus

147 3678 240 3737 uorem,
252 3673 382 3726 divitibus
400 3676 426 3724 et
443 3671 566 3740 superbis
584 3670 782 3734 contusionem,
795 3671 916 3738 reprobis
933 3672 1030 3725 mortis
1047 3675 1168 3739 odorem,
1182 3677 1312 3744 paeniten-

147 3777 249 3838 usspem
262 3771 358 3834 veniae,
369 3770 532 3839 pauperibus
543 3770 672 3822 solatium
690 3769 761 3831 ritae,
777 3769 852 3823 omni
870 3770 988 3838 denique
1000 3773 1148 3828 conditioni
1166 3781 1193 3828 et
1210 3777 1313 3844 proles·

147 3863 207 3922 nied
218 3870 421 3924 venerationem
434 3870 513 3937 digne
526 3868 665 3922 accedenti
678 3869 688 3902 l
700 3868 864 3936 exemplum.
880 3870 1008 3923 Caelibem
1023 3872 1104 3925 vitam
1125 3874 1151 3926 in
1168 3892 1197 3928 se
1214 3878 1311 3930 sancti·

147 3974 181 4018 tus
195 3967 384 4036 Christumque
396 3969 424 4021 in
436 3984 549 4036 corpore
561 3984 611 4020 suo
620 3968 782 4035 glorificans,
795 3967 909 4020 feliciter
920 3985 968 4036 pur
979 3968 1068 4037 ipsum
1087 3976 1310 4040 consummanda,

147 4056 229 4120 boarit
245 4073 273 4121 et
288 4067 433 4137 gloriosius
450 4066 578 4120 inchoata
595 4066 804 4120 consummavit.

150 4247 215 4299 codd.
224 4247 372 4315 flagrantia.
382 4277 414 4283 -
425 4246 486 4300 2ito
497 4247 529 4308 Q
542 4245 703 4314 adoptantes
717 4248 738 4300 1.
751 4278 782 4284 -
792 4247 804 4280 ³
814 4250 851 4300 ito
860 4249 888 4303 ⁰2:
902 4264 1079 4303 numerorum
1092 4253 1113 4304 1.
1123 4281 1153 4290 —
1163 4253 1174 4303 ⁴.
1186 4257 1212 4306 iu
1223 4257 1310 4309 arrabo-

157 4331 222 4381 codd.
239 4333 278 4383 sic
294 4333 499 4397 scriptumest:
517 4345 743 4397 supererogamus
761 4329 849 4398 capita
866 4336 961 4384 nostra
973 4337 1000 4385 et
1017 4340 1125 4387 montes
1137 4335 1220 4389 lsrael
1232 4338 1310 4405 digne

146 4412 242 4479 ttroque
251 4418 344 4465 tamen
355 4411 486 4464 interesse
496 4411 678 4475 (interesset)
688 4412 1090 4469 exaltandum.—⁶bocnomen
1102 4410 1175 4471 carie
1181 4423 1312 4487 scriptum

147 4489 221 4547 tnta
232 4497 307 4548 codd.
318 4512 327 4547 :
338 4493 477 4561 Elyaabct‚
494 4493 650 4560 Elyzabeth,
667 4501 690 4547 et
708 4497 788 4547 etiam
805 4497 953 4563 aliquanda
973 4496 1121 4552 Elizabeth.
1140 4502 1199 4554 Hoc
1217 4505 1312 4558 ultimo

147 4571 170 4627 lo
180 4594 224 4630 aaa
236 4578 333 4645 abique
344 4577 498 4629 scribemus.
511 4604 542 4612 -
555 4576 566 4609 ⁰
580 4580 616 4628 ita
629 4578 644 4628 d
652 4578 843 4644 probabiliua;
855 4577 1026 4633 humanitate
1040 4581 1062 4634 l.
1074 4609 1106 4620 -
1123 4582 1135 4615 ⁷
1146 4587 1219 4637 codd.
1237 4600 1311 4639 acce-

148 4671 162 4710 s
175 4663 207 4713 ct.

186 4772 278 4812 (ἓΔΤΔι.
296 4773 377 4812 Buttx.
878 4738 880 4743 ⁴
1103 4786 1106 4793 ·
1181 4765 1215 4820 ᾖ
