3142 5392
168 285 241 358 908
501 305 627 356 caran.
654 303 756 355 cono.
783 303 1059 356 naorooanmnc.

332 496 399 558 tate
424 493 565 574 insignis,
591 493 700 557 divina
724 512 763 556 ae
788 491 985 574 praedicabili
1014 491 1184 556 nobilitate
1203 491 1346 574 insigniora

331 592 498 658 cunabulis
506 592 699 657 christianus
710 592 794 656 inter
804 591 886 655 filios
897 590 955 654 Dei
969 591 1198 655 connumerari
1210 595 1346 673 promenti

331 691 392 755 Hic
404 690 567 773 puerulus
582 690 686 772 gratia
701 691 759 754 Dei
774 693 969 773 praeventuS,
980 689 1097 754 studiis
1107 688 1346 756 liberalibusnan

331 789 466 872 cipatur,
478 793 511 853 et
522 788 681 871 quidquid
696 790 737 854 de
748 788 863 854 studiis
876 789 1077 853 secularibus
1092 787 1241 871 capiebat
1252 791 1346 854 armari

331 889 470 971 pectoris
484 888 733 964 recondebat,ut
747 888 955 971 postmodum
967 887 1036 951 Deo
1045 887 1249 969 praeliaturus
1258 887 1346 953 habere

332 988 448 1069 quibus
463 1008 498 1050 se
513 985 612 1051 armis
624 991 736 1050 contra
747 987 861 1051 mundi
870 986 1038 1051 illecebras
1053 986 1245 1051 defensaret
1255 986 1346 1051 Adultu

332 1106 409 1150 vero
424 1090 456 1150 et
471 1085 698 1149 adolescentiae
713 1086 872 1150 incentiva
888 1086 1101 1167 persentiens,
1112 1086 1261 1149 molestos
1269 1092 1346 1149 sancta

331 1184 448 1249 animae
460 1184 565 1248 carnis
580 1185 744 1266 appetitus
759 1184 940 1248 voluntaria
957 1184 1179 1248 maceratione
1193 1184 1346 1257 frenabate

332 1304 417 1367 pane
428 1285 555 1348 modico
571 1289 670 1366 atque
682 1304 768 1367 aqua
783 1285 873 1348 brevi
888 1285 1031 1348 sobriam
1044 1285 1194 1349 nutriens
1214 1286 1346 1349 castitates

332 1403 443 1447 curam
458 1384 601 1465 corporis
623 1384 655 1446 in
670 1383 838 1447 desideriis
860 1403 925 1447 non
945 1384 1074 1465 agebat,
1090 1383 1170 1447 illud
1184 1383 1346 1448 Ecclesiaste

333 1482 365 1545 in
381 1482 478 1546 corde
500 1483 668 1546 revolvens
684 1505 691 1546 :
706 1482 923 1545 Adolescentia
938 1489 964 1545 et
987 1482 1130 1565 colrrptos
1145 1484 1283 1567 qrtom'om
1298 1502 1346 1544 rom

332 1587 415 1644 arod.
435 1580 495 1643 His
508 1585 608 1662 atque
626 1580 811 1662 hujusmodi
828 1581 951 1645 artibus
972 1581 1071 1644 homo
1092 1581 1219 1646 virtutis
1232 1581 1346 1646 alifien

332 1679 542 1761 semetipsum
556 1679 587 1742 in
598 1680 698 1743 robur
711 1680 800 1743 virile
814 1679 925 1754 evasit,
938 1682 969 1743 et
980 1679 1091 1761 populi
1103 1680 1188 1744 votis
1202 1680 1232 1743 in
1246 1679 1346 1744 ecclesia

331 1779 418 1843 sticis
447 1778 623 1842 honoribus
649 1779 824 1860 ampliatus
853 1778 896 1841 ad
919 1777 1057 1860 gradum
1078 1779 1248 1842 sacerdotii
1266 1778 1346 1842 nenti

331 1878 590 1960 praecedentibus
602 1881 651 1940 est
662 1882 843 1959 provectus.

291 1977 362 2054 Quo
388 1976 496 2039 divina
518 1976 664 2057 Jussione
685 1977 815 2057 potitus,
838 1976 981 2057 religioni
1001 1996 1037 2040 se
1062 1980 1169 2041 totum
1188 1976 1346 2047 attribuite

332 2074 509 2158 profundos
534 2075 608 2138 fidei
634 2079 755 2139 sanctae
776 2076 946 2139 thesauros
965 2095 1021 2139 ore
1039 2075 1253 2159 manibusque
1266 2074 1346 2155 dispo·

332 2174 425 2251 tiens,
439 2173 618 2238 secundum
629 2173 847 2251 Salomonem,
862 2174 949 2238 solus
964 2174 1119 2250 habebat,
1130 2194 1191 2239 nec
1203 2170 1346 2237 admittebat

332 2274 453 2338 alienos
468 2273 651 2355 participes
666 2272 886 2338 Meditabatur
899 2274 932 2336 in
945 2272 1017 2355 lege
1027 2272 1160 2336 Domini
1173 2272 1224 2337 die
1237 2292 1270 2337 ac
1279 2273 1346 2339 noda

332 2373 535 2454 repugnabat
549 2371 721 2454 impiarum
737 2372 875 2436 consiliis
898 2373 939 2436 de
959 2371 1117 2436 cathedra
1127 2372 1265 2454 justitie,
1276 2367 1346 2434 utilen

332 2472 375 2536 ad
400 2471 510 2535 omnia
535 2470 692 2553 pietatem
717 2470 871 2535 eruditus.
897 2470 980 2548 Quia
1005 2474 1083 2535 tunc
1113 2471 1257 2536 diabolus
1280 2466 1346 2532 adhue

332 2570 490 2652 regnabat
515 2570 547 2632 in
574 2569 688 2651 capite,
717 2569 857 2633 Romani
889 2568 1050 2651 principes
1079 2570 1218 2634 cultibus
1251 2561 1346 2632 erraticis

332 2669 575 2743 deserviebant3
589 2668 776 2732 resistentes
792 2687 922 2750 quoque
937 2669 1077 2732 atrocius
1089 2668 1261 2733 laniabant.

292 2765 417 2830 Calixto
437 2769 547 2828 autem
569 2764 801 2846 praedecessori
822 2784 881 2828 suo
902 2784 961 2846 per
982 2765 1130 2847 martyrii
1151 2766 1286 2848 palmam
1300 2756 1346 2824 cett

334 2867 485 2945 suscepto
500 2883 575 2927 cum
589 2863 708 2938 multis
722 2864 865 2928 Macrino
879 2864 1075 2944 imperatore
1091 2863 1247 2928 militante
1259 2857 1346 2927 simula·

332 2963 403 3041 cria,
417 2962 570 3026 Urbanus
585 2983 605 3026 a
619 2962 764 3026 fidelium
781 2963 901 3045 populo
916 2962 1041 3044 eligitur
1056 2965 1089 3027 et
1103 2982 1231 3027 corona
1244 2952 1346 3037 concupi

332 3061 454 3125 scentia
479 3061 522 3124 ad
552 3081 664 3126 curam
689 3061 886 3144 pastoralem
908 3061 1150 3143 suscipiendam
1176 3081 1239 3126 non
1258 3050 1346 3124 difficili

330 3160 501 3225 invenitur.
524 3161 761 3225 praecesserant
772 3161 805 3225 in
821 3181 896 3225 eum
912 3162 1086 3225 carismata
1101 3163 1272 3244 gratiarum
1283 3169 1346 3236 nequ

331 3261 529 3343 aneophytis
541 3260 735 3324 noscebatur
746 3261 789 3324 ad
801 3260 1198 3343 promovendumquippe
1211 3257 1346 3344 quietata

332 3360 371 3424 tis
392 3361 580 3423 maturitate
596 3364 628 3423 et
641 3360 796 3423 virtutum
816 3359 978 3423 soliditate
1000 3360 1201 3423 incanuerat.
1215 3354 1346 3436 Accingitt

330 3458 424 3522 miles
439 3457 592 3522 emeritus
608 3457 651 3521 ad
667 3458 847 3521 doctrinam
863 3457 1007 3533 tirocinii,
1018 3461 1051 3521 et
1066 3458 1216 3540 exemplo
1230 3457 1346 3521 imtituet

332 3557 503 3621 bellatores
518 3576 600 3638 pons
615 3555 727 3620 salutis
738 3557 871 3621 effectus
887 3560 945 3620 est.

291 3657 457 3721 Excitatur
467 3656 501 3718 in
517 3675 592 3719 eum
607 3656 740 3719 morbus
756 3655 908 3737 antiquus
923 3656 1053 3719 invidiae
1068 3660 1102 3720 et
1116 3657 1227 3721 omnia
1239 3656 1266 3720 ei
1279 3648 1346 3716 diebt

331 3757 382 3820 lus
397 3756 484 3819 mala
496 3755 539 3819 ad
555 3755 796 3819 firmamentum
811 3755 969 3819 idolatriae
986 3755 1206 3838 perquirebat,
1221 3740 1346 3838 presidii

334 3856 413 3930 soro,
424 3855 457 3917 in
469 3854 594 3936 plateis,
610 3858 686 3917 ante
698 3874 789 3935 reges
802 3857 834 3918 et
848 3853 1005 3936 praesides
1019 3854 1191 3918 Urbanum
1205 3850 1346 3918 incusante

332 3953 566 4016 destructorem
591 3951 750 4032 religionis
765 3951 918 4032 antiquae.
942 3955 1013 4015 arte
1038 3951 1166 4033 magica
1191 3947 1346 4033 superantet

333 4055 457 4115 ceteros
472 4070 553 4132 quos
575 4050 731 4114 severitas
752 4048 937 4131 principalis
956 4049 1099 4114 abstulit.
1118 4045 1346 4114 Abscondebatfl

332 4150 452 4231 saepius
482 4149 637 4231 quaesitus
663 4167 683 4211 a
707 4147 849 4230 perfidis
874 4148 1067 4231 plemmque
1102 4147 1223 4230 pietate
1253 4140 1346 4211 fileto

331 4250 484 4312 obstante
504 4270 511 4311 :
534 4251 569 4311 at
588 4247 679 4311 miles
703 4247 877 4328 impatiens
905 4246 1141 4329 prorumpebat
1166 4248 1199 4311 in
1223 4242 1346 4329 putten

331 4346 537 4411 Tradebatur
552 4345 706 4410 innocens
721 4365 741 4409 a
755 4346 955 4422 nocentibus,
968 4345 1011 4409 ad
1026 4365 1156 4410 reorum
1164 4338 1346 4428 judiciatrib¹

332 4445 460 4510 natibus
483 4446 667 4509 sistebatur.
689 4444 755 4508 Sed
781 4444 969 4508 defensione
992 4444 1195 4521 innocentiae,
1218 4438 1346 4508 reuerent

333 4544 517 4622 senectutis,
533 4543 725 4609 auctoritate
740 4543 883 4620 rationis,
898 4543 1074 4608 serenitate
1089 4546 1122 4607 et
1137 4542 1302 4608 dulcedine
1311 4534 1346 4602 all

333 4643 464 4707 bilitatis
487 4643 646 4707 insaniam
673 4642 847 4706 terrentium
864 4642 1051 4707 deliniebat.
1071 4641 1195 4706 Rerum
1214 4638 1346 4706 nmltotici
