3142 5392
182 333 254 407 tet
519 355 644 405 curm.
671 355 773 405 cono.
801 354 1081 404 numeremini-nc.

379 545 490 611 Protcpe
501 561 549 608 mr,
561 546 663 608 domne,
677 546 741 610 quic
757 545 798 595 iiii
810 561 875 611 queo
887 547 967 596 restio
977 545 1088 596 trabere.

377 643 551 695 Descendens
561 643 595 695 ab
605 658 676 710 equo
689 642 762 709 prior
771 641 809 694 illi
818 642 865 694 dat
878 643 886 674 ¹
897 641 1041 695 meliorem

377 742 416 793 De
425 741 540 809 geminis
553 741 659 804 tunicis¹
671 741 791 793 retinens
803 740 855 793 sihi
868 740 1040 793 deteriorem.

375 841 461 908 Inque
472 840 585 892 domum
595 840 654 892 noti
665 840 806 904 cujusdam
822 839 914 893 dicitis
924 839 998 892 illam

376 940 467 1000 Duxit,
476 939 510 991 ud
521 939 665 1006 ignemque
675 938 737 991 tecit
749 939 882 1006 prandere
892 938 1037 991 misellum.

375 1038 467 1090 Gnrtio
477 1054 572 1090 servus
582 1037 644 1105 equi
657 1037 832 1104 reprehendit
845 1038 917 1104 quod
929 1037 1050 1089 iaciebat

374 1136 408 1188 Et
419 1137 493 1204 quod
503 1137 554 1188 iter
565 1140 682 1202 emptum
693 1135 833 1203 pueriliter
845 1135 1021 1204 impediebat.

382 1340 434 1396 De
455 1336 534 1396 ella
554 1336 679 1396 tunica
700 1352 769 1395 sue
791 1339 882 1395 dete
907 1338 1036 1396 clerico
1058 1338 1221 1398 caduco.

440 1544 560 1597 Clericus
572 1544 726 1597 advenitad
735 1560 798 1596 eum
812 1544 978 1612 quandoque
991 1545 1124 1605 caducus

372 1640 503 1711 Tegmine
512 1659 581 1712 pene
595 1659 698 1706 carens,
708 1642 820 1695 hiemali
829 1647 953 1710 tempore
963 1643 1062 1695 nudus,

372 1742 419 1794 llle
433 1741 490 1794 dari
501 1747 604 1794 restem
617 1741 811 1809 silii'postulut;
825 1746 853 1793 ut
863 1741 936 1808 prior
948 1741 1036 1808 inquit

371 1816 513 1893 Nuncnon
526 1857 585 1893 esse
595 1840 646 1892 sibi
657 1841 729 1908 quod
743 1841 849 1892 tradere
861 1844 954 1908 posset
966 1840 991 1893 ei
1004 1840 1082 1908 quid.

372 1938 448 1991 Tunc
461 1939 619 2006 desperatus
632 1956 734 2008 pauper
743 1939 913 2006 properando
923 1938 1033 1999 recedit,

370 2037 458 2103 Quem
471 2038 545 2106 prior
556 2038 601 2091 ille
613 2038 687 2096 soris.
698 2043 728 2090 ut
740 2043 824 2090 sturet
833 2038 867 2090 ad
878 2037 955 2098 ostia,
965 2036 1060 2089 credit

369 2136 435 2188 Post
443 2135 517 2203 prior
526 2135 639 2203 inquirit
649 2137 694 2188 uhi
709 2152 811 2204 pauper
823 2136 936 2188 clericus
946 2140 1024 2197 esset,

370 2235 404 2286 Et
415 2234 462 2302 qui
474 2235 553 2287 scirit
566 2235 604 2287 ait
616 2235 690 2302 quod
700 2235 758 2302 jum
771 2235 886 2287 festinus
899 2234 1008 2286 abisset.

370 2332 518 2385 Custodem
529 2333 611 2385 curtis
622 2334 655 2386 de
665 2332 810 2386 Buldribus
823 2333 859 2398 (l)
878 2333 934 2400 ipse
945 2333 1104 2385 loliannem

368 2430 429 2484 lilox
442 2431 515 2498 prior
527 2431 624 2484 accivit
636 2437 663 2484 et
674 2431 748 2484 misit
765 2436 826 2499 post
835 2432 990 2484 abeuntem.

369 2531 407 2582 lle
417 2530 533 2597 propriis
543 2530 641 2583 tunicis
654 2530 728 2598 prior
739 2547 821 2583 uuam
833 2529 945 2598 porrigit
954 2529 1000 2593 illi,

368 2629 405 2680 Ut
413 2632 487 2696 tegat
499 2645 531 2681 ex
542 2628 588 2680 illa
601 2629 729 2697 patientis
738 2629 863 2682 membra
875 2628 974 2696 pusilli.

368 2727 430 2780 lilox
440 2728 561 2780 ascendit
570 2744 669 2795 equum
686 2729 764 2780 valde
773 2728 944 2796 properando
956 2727 1117 2787 dolrannes;

366 2827 513 2895 investigat
525 2845 588 2880 eum
598 2845 653 2894 qua
665 2829 769 2890 transit,
782 2828 878 2895 quaerit
888 2828 923 2879 ud
934 2842 1040 2879 omnes.

366 2927 490 2993 Cumque
501 2927 619 2979 venisset
632 2927 704 2994 apud
716 2926 861 2987 Fontanus¹
871 2925 988 2994 repperit
997 2924 1078 2979 illum

365 3025 436 3077 Ante
449 3025 520 3077 iores
532 3024 623 3087 curtis,
635 3041 749 3077 cerneus
762 3031 851 3078 astare
863 3023 1000 3093 pusillum.

364 3123 454 3175 lactat
463 3123 487 3175 ei
501 3124 622 3176 tunicam
632 3122 744 3175 missum
758 3123 791 3175 de
801 3128 877 3191 parte
887 3122 991 3190 prioris.

365 3221 414 3275 llle
427 3222 510 3275 refert
521 3228 619 3291 gretes,
630 3223 794 3275 benedicens
807 3222 935 3275 omnibus
944 3221 1028 3274 horis.

366 3321 519 3374 Conversus
530 3321 595 3374 iacit
607 3322 680 3374 trunc
691 3320 837 3383 discedere,
850 3336 884 3372 ne
895 3319 1026 3381 ridentur,

366 3418 399 3470 lit
408 3418 459 3471 sibi
469 3419 529 3486 quis
539 3419 659 3471 tunicam
670 3418 745 3471 dedit
756 3419 830 3470 illum
844 3433 899 3470 non
912 3418 1037 3469 letentur.

311 3622 364 3678 De
386 3619 458 3677 alio
480 3620 609 3678 clerico
631 3621 750 3691 priore
772 3620 809 3677 et
831 3612 1048 3678 eeirerarro2
1070 3621 1270 3683 obviante.

432 3811 552 3864 Clericus
564 3812 633 3864 alter
645 3812 735 3865 adhuc
747 3813 849 3864 domno
861 3812 975 3865 Dodone
985 3812 1098 3866 ridente

366 3910 471 3963 Obvius
483 3910 600 3962 occurrit
613 3911 799 3977 equitantibus
811 3927 874 3962 ecce
886 3915 1004 3979 repente.

365 4007 413 4061 llle
425 4007 558 4061 scholaris
568 4014 634 4071 erut,
646 4025 701 4061 non
714 4009 797 4071 dives,
807 4025 862 4061 non
875 4009 1027 4076 opulentus.

363 4106 414 4157 Hic
425 4107 492 4174 petit
502 4112 532 4159 ut
544 4110 643 4159 nonsit
655 4106 729 4175 prior·
741 4107 774 4158 nd
785 4106 905 4159 dandum
916 4107 967 4160 sibi
977 4107 1075 4159 lentus.

363 4204 405 4257 Nil
417 4206 491 4273 prior
503 4206 607 4274 argenti
619 4207 692 4272 quod
705 4206 729 4257 ei
743 4206 807 4258 dare
820 4211 912 4273 posset
924 4206 1051 4258 habehat.

200 4435 209 4466 ¹
223 4433 260 4485 illi
274 4435 336 4485 cdd.
346 4435 430 4495 codd„
440 4436 486 4485 scd
494 4451 647 4500 perperam.
658 4463 671 4469 ‹-
684 4464 688 4468 -
703 4435 778 4487 ἴ-Ύοιί,
790 4434 968 4486 cellcrmurio.

197 4615 434 4680 (liSemileucam
446 4615 552 4668 circiter
562 4615 632 4667 Alnu
643 4616 755 4677 distem,
763 4615 932 4668 'fluidinium
942 4630 1044 4667 versus.
1052 4612 1115 4668 vid.
1125 4617 1281 4685 Deuillers,
1291 4630 1357 4677 torn.
1365 4626 1409 4679 rit„

168 4698 247 4750 Tulle
260 4706 397 4765 onomast„
409 4699 443 4751 ud
456 4698 526 4751 lianc
542 4715 645 4763 rocem,
659 4702 685 4750 et
697 4698 866 4766 Lebrocqur,
880 4703 944 4750 tom.
957 4697 1009 4761 cit,
1022 4714 1046 4764 p.
1058 4696 1118 4752 ¹33.
