<?xml version="1.0" encoding="UTF-8"?>
<!DOCTYPE html PUBLIC "-//W3C//DTD XHTML 1.0 Transitional//EN"
    "http://www.w3.org/TR/xhtml1/DTD/xhtml1-transitional.dtd">
<html xmlns="http://www.w3.org/1999/xhtml" xml:lang="en" lang="en">
 <head>
  <title>
</title>
<meta http-equiv="Content-Type" content="text/html;charset=utf-8" />
  <meta name='ocr-system' content='tesseract 3.04.00' />
  <meta name='ocr-capabilities' content='ocr_page ocr_carea ocr_par ocr_line ocrx_word'/>
</head>
<body>
  <div class='ocr_page' id='page_1' title='image "./cataloguscodicu01belggoog_0549.png"; bbox 0 0 3142 5392; ppageno 0'>
   <div class='ocr_carea' id='block_1_1' title="bbox 186 304 1077 384">
    <p class='ocr_par' dir='ltr' id='par_1_1' title="bbox 186 304 1077 384">
     <span class='ocr_line' id='line_1_1' title="bbox 186 304 1077 384; baseline 0.003 -4"><span class='ocrx_word' id='word_1_1' title='bbox 186 304 258 380; x_wconf 74' lang='lat' dir='ltr'><strong>5t6</strong></span> <span class='ocrx_word' id='word_1_2' title='bbox 515 329 641 381; x_wconf 76' lang='lat' dir='ltr'><strong>carru.</strong></span> <span class='ocrx_word' id='word_1_3' title='bbox 667 329 771 382; x_wconf 87' lang='lat' dir='ltr'><strong>cono.</strong></span> <span class='ocrx_word' id='word_1_4' title='bbox 796 329 1077 384; x_wconf 81' lang='lat' dir='ltr'><strong>urorouuaemc.</strong></span> 
     </span>
    </p>
   </div>
   <div class='ocr_carea' id='block_1_2' title="bbox 1 516 1431 4731">
    <p class='ocr_par' dir='ltr' id='par_1_2' title="bbox 1 516 1431 4731">
     <span class='ocr_line' id='line_1_2' title="bbox 187 516 1381 588; baseline 0.008 -18"><span class='ocrx_word' id='word_1_5' title='bbox 187 521 235 580; x_wconf 74' lang='lat' dir='ltr'><strong>est,</strong></span> <span class='ocrx_word' id='word_1_6' title='bbox 250 516 358 572; x_wconf 88' lang='lat' dir='ltr'><strong>silentio</strong></span> <span class='ocrx_word' id='word_1_7' title='bbox 376 517 525 573; x_wconf 89' lang='lat' dir='ltr'><strong>oblitterari</strong></span> <span class='ocrx_word' id='word_1_8' title='bbox 537 519 647 588; x_wconf 87' lang='lat' dir='ltr'><strong>dignum</strong></span> <span class='ocrx_word' id='word_1_9' title='bbox 661 535 716 572; x_wconf 91' lang='lat' dir='ltr'><strong>non</strong></span> <span class='ocrx_word' id='word_1_10' title='bbox 728 518 910 585; x_wconf 82' lang='lat' dir='ltr'><strong>est,1naxime</strong></span> <span class='ocrx_word' id='word_1_11' title='bbox 928 536 989 574; x_wconf 86' lang='lat' dir='ltr'><strong>rum</strong></span> <span class='ocrx_word' id='word_1_12' title='bbox 1003 520 1079 574; x_wconf 90' lang='lat' dir='ltr'><strong>idem</strong></span> <span class='ocrx_word' id='word_1_13' title='bbox 1091 521 1256 576; x_wconf 79' lang='lat' dir='ltr'><strong>miraculum</strong></span> <span class='ocrx_word' id='word_1_14' title='bbox 1272 528 1320 577; x_wconf 79' lang='lat' dir='ltr'><strong>tan</strong></span> <span class='ocrx_word' id='word_1_15' title='bbox 1329 524 1381 581; x_wconf 74' lang='lat' dir='ltr'><strong>else</strong></span> 
     </span>
     <span class='ocr_line' id='line_1_3' title="bbox 187 616 1383 691; baseline 0.008 -22"><span class='ocrx_word' id='word_1_16' title='bbox 187 632 270 684; x_wconf 86' lang='lat' dir='ltr'><strong>quam</strong></span> <span class='ocrx_word' id='word_1_17' title='bbox 282 616 410 671; x_wconf 90' lang='lat' dir='ltr'><strong>universo</strong></span> <span class='ocrx_word' id='word_1_18' title='bbox 422 618 543 685; x_wconf 83' lang='lat' dir='ltr'><strong>ejusdem</strong></span> <span class='ocrx_word' id='word_1_19' title='bbox 557 617 675 672; x_wconf 88' lang='lat' dir='ltr'><strong>civitatis</strong></span> <span class='ocrx_word' id='word_1_20' title='bbox 686 616 788 687; x_wconf 89' lang='lat' dir='ltr'><strong>populo</strong></span> <span class='ocrx_word' id='word_1_21' title='bbox 800 617 949 673; x_wconf 76' lang='lat' dir='ltr'><strong>innotuerit</strong></span> <span class='ocrx_word' id='word_1_22' title='bbox 964 624 992 674; x_wconf 92' lang='lat' dir='ltr'><strong>et</strong></span> <span class='ocrx_word' id='word_1_23' title='bbox 1003 618 1087 674; x_wconf 88' lang='lat' dir='ltr'><strong>beata</strong></span> <span class='ocrx_word' id='word_1_24' title='bbox 1098 620 1183 690; x_wconf 86' lang='lat' dir='ltr'><strong>Virgo</strong></span> <span class='ocrx_word' id='word_1_25' title='bbox 1194 621 1298 691; x_wconf 86' lang='lat' dir='ltr'><strong>pietatis</strong></span> <span class='ocrx_word' id='word_1_26' title='bbox 1306 622 1383 678; x_wconf 74' lang='lat' dir='ltr'><strong>teet</strong></span> 
     </span>
     <span class='ocr_line' id='line_1_4' title="bbox 187 713 1385 789; baseline 0.008 -22"><span class='ocrx_word' id='word_1_27' title='bbox 187 713 260 767; x_wconf 89' lang='lat' dir='ltr'><strong>cium</strong></span> <span class='ocrx_word' id='word_1_28' title='bbox 272 715 346 783; x_wconf 89' lang='lat' dir='ltr'><strong>quod</strong></span> <span class='ocrx_word' id='word_1_29' title='bbox 362 715 396 769; x_wconf 88' lang='lat' dir='ltr'><strong>ad</strong></span> <span class='ocrx_word' id='word_1_30' title='bbox 408 716 599 771; x_wconf 87' lang='lat' dir='ltr'><strong>declarandam</strong></span> <span class='ocrx_word' id='word_1_31' title='bbox 616 716 736 771; x_wconf 89' lang='lat' dir='ltr'><strong>nominis</strong></span> <span class='ocrx_word' id='word_1_32' title='bbox 747 716 789 770; x_wconf 89' lang='lat' dir='ltr'><strong>sui</strong></span> <span class='ocrx_word' id='word_1_33' title='bbox 801 715 916 784; x_wconf 77' lang='lat' dir='ltr'>gloriam</span> <span class='ocrx_word' id='word_1_34' title='bbox 924 717 974 770; x_wconf 91' lang='lat' dir='ltr'><strong>uni</strong></span> <span class='ocrx_word' id='word_1_35' title='bbox 986 721 1096 772; x_wconf 89' lang='lat' dir='ltr'><strong>tantum</strong></span> <span class='ocrx_word' id='word_1_36' title='bbox 1109 734 1236 788; x_wconf 73' lang='lat' dir='ltr'><strong>personae</strong></span> <span class='ocrx_word' id='word_1_37' title='bbox 1247 722 1385 789; x_wconf 62' lang='lat' dir='ltr'><strong>praeirem</strong></span> 
     </span>
     <span class='ocr_line' id='line_1_5' title="bbox 188 813 1387 888; baseline 0.008 -23"><span class='ocrx_word' id='word_1_38' title='bbox 188 813 217 866; x_wconf 91' lang='lat' dir='ltr'><strong>in</strong></span> <span class='ocrx_word' id='word_1_39' title='bbox 228 813 329 867; x_wconf 89' lang='lat' dir='ltr'><strong>multas</strong></span> <span class='ocrx_word' id='word_1_40' title='bbox 340 815 482 884; x_wconf 88' lang='lat' dir='ltr'><strong>utriusque</strong></span> <span class='ocrx_word' id='word_1_41' title='bbox 491 831 573 869; x_wconf 84' lang='lat' dir='ltr'><strong>serus</strong></span> <span class='ocrx_word' id='word_1_42' title='bbox 584 831 715 884; x_wconf 78' lang='lat' dir='ltr'><strong>personas</strong></span> <span class='ocrx_word' id='word_1_43' title='bbox 726 815 902 885; x_wconf 88' lang='lat' dir='ltr'><strong>postmodum</strong></span> <span class='ocrx_word' id='word_1_44' title='bbox 914 815 1103 871; x_wconf 63' lang='lat' dir='ltr'><strong>mumudemt</strong></span> <span class='ocrx_word' id='word_1_45' title='bbox 1115 816 1155 871; x_wconf 86' lang='lat' dir='ltr'><strong>Ne</strong></span> <span class='ocrx_word' id='word_1_46' title='bbox 1168 817 1232 888; x_wconf 83' lang='lat' dir='ltr'><strong>quis</strong></span> <span class='ocrx_word' id='word_1_47' title='bbox 1242 824 1326 874; x_wconf 83' lang='lat' dir='ltr'><strong>antem</strong></span> <span class='ocrx_word' id='word_1_48' title='bbox 1335 821 1387 875; x_wconf 82' lang='lat' dir='ltr'><strong>reri</strong></span> 
     </span>
     <span class='ocr_line' id='line_1_6' title="bbox 1 908 1406 982; baseline 0.012 -25"><span class='ocrx_word' id='word_1_49' title='bbox 1 931 15 957; x_wconf 68' lang='grc' dir='ltr'><em>ι</em></span> <span class='ocrx_word' id='word_1_50' title='bbox 25 935 30 953; x_wconf 68' lang='lat'><em>›</em></span> <span class='ocrx_word' id='word_1_51' title='bbox 40 951 47 962; x_wconf 91' lang='lat'><strong>.</strong></span> <span class='ocrx_word' id='word_1_52' title='bbox 57 909 80 961; x_wconf 85' lang='lat' dir='ltr'><strong>si</strong></span> <span class='ocrx_word' id='word_1_53' title='bbox 92 908 162 973; x_wconf 83' lang='lat' dir='ltr'><strong>ticet.</strong></span> <span class='ocrx_word' id='word_1_54' title='bbox 188 914 273 964; x_wconf 85' lang='lat' dir='ltr'><strong>tatem</strong></span> <span class='ocrx_word' id='word_1_55' title='bbox 286 927 444 981; x_wconf 75' lang='lat' dir='ltr'><strong>oppugnare</strong></span> <span class='ocrx_word' id='word_1_56' title='bbox 456 918 576 978; x_wconf 81' lang='lat' dir='ltr'><strong>conetur,</strong></span> <span class='ocrx_word' id='word_1_57' title='bbox 585 918 616 966; x_wconf 90' lang='lat' dir='ltr'><strong>ut</strong></span> <span class='ocrx_word' id='word_1_58' title='bbox 625 912 728 967; x_wconf 88' lang='lat' dir='ltr'><strong>scilicet</strong></span> <span class='ocrx_word' id='word_1_59' title='bbox 736 914 751 944; x_wconf 86' lang='lat'><strong><em>*</em></strong></span> <span class='ocrx_word' id='word_1_60' title='bbox 769 913 827 966; x_wconf 81' lang='lat' dir='ltr'><strong>trac</strong></span> <span class='ocrx_word' id='word_1_61' title='bbox 840 928 901 982; x_wconf 80' lang='lat' dir='ltr'><strong>qua</strong></span> <span class='ocrx_word' id='word_1_62' title='bbox 918 912 1041 967; x_wconf 86' lang='lat' dir='ltr'><strong>dictums</strong></span> <span class='ocrx_word' id='word_1_63' title='bbox 1056 930 1120 968; x_wconf 89' lang='lat' dir='ltr'><strong>sum</strong></span> <span class='ocrx_word' id='word_1_64' title='bbox 1132 930 1191 970; x_wconf 90' lang='lat' dir='ltr'><strong>nou</strong></span> <span class='ocrx_word' id='word_1_65' title='bbox 1203 917 1406 979; x_wconf 77' lang='lat' dir='ltr'><strong>vemciterlarus</strong></span> 
     </span>
     <span class='ocr_line' id='line_1_7' title="bbox 188 1010 1387 1085; baseline 0.008 -23"><span class='ocrx_word' id='word_1_66' title='bbox 188 1010 236 1063; x_wconf 85' lang='lat' dir='ltr'><strong>sed</strong></span> <span class='ocrx_word' id='word_1_67' title='bbox 242 1011 411 1066; x_wconf 84' lang='lat' dir='ltr'><strong>mendaciter</strong></span> <span class='ocrx_word' id='word_1_68' title='bbox 418 1012 601 1066; x_wconf 81' lang='lat' dir='ltr'><strong>confictaesse</strong></span> <span class='ocrx_word' id='word_1_69' title='bbox 607 1012 886 1079; x_wconf 87' lang='lat' dir='ltr'><strong>calumnietur,testor</strong></span> <span class='ocrx_word' id='word_1_70' title='bbox 893 1012 979 1066; x_wconf 87' lang='lat' dir='ltr'><strong>Deum</strong></span> <span class='ocrx_word' id='word_1_71' title='bbox 988 1014 1024 1066; x_wconf 86' lang='lat' dir='ltr'><strong>ab</strong></span> <span class='ocrx_word' id='word_1_72' title='bbox 1032 1030 1080 1068; x_wconf 87' lang='lat' dir='ltr'><strong>ore</strong></span> <span class='ocrx_word' id='word_1_73' title='bbox 1090 1014 1215 1070; x_wconf 85' lang='lat' dir='ltr'><strong>veridico</strong></span> <span class='ocrx_word' id='word_1_74' title='bbox 1222 1015 1387 1085; x_wconf 73' lang='lat' dir='ltr'><strong>domuillrirt</strong></span> 
     </span>
     <span class='ocr_line' id='line_1_8' title="bbox 189 1108 1387 1184; baseline 0.008 -24"><span class='ocrx_word' id='word_1_75' title='bbox 189 1108 353 1163; x_wconf 89' lang='lat' dir='ltr'><strong>venerabilis</strong></span> <span class='ocrx_word' id='word_1_76' title='bbox 365 1109 484 1179; x_wconf 81' lang='lat' dir='ltr'><strong>episcopi</strong></span> <span class='ocrx_word' id='word_1_77' title='bbox 495 1110 683 1164; x_wconf 69' lang='lat' dir='ltr'><strong>atrebatensis</strong></span> <span class='ocrx_word' id='word_1_78' title='bbox 695 1109 753 1178; x_wconf 89' lang='lat' dir='ltr'><strong>(qui</strong></span> <span class='ocrx_word' id='word_1_79' title='bbox 764 1110 907 1164; x_wconf 79' lang='lat' dir='ltr'><strong>veritatem</strong></span> <span class='ocrx_word' id='word_1_80' title='bbox 918 1115 946 1164; x_wconf 88' lang='lat' dir='ltr'><strong>et</strong></span> <span class='ocrx_word' id='word_1_81' title='bbox 953 1111 1023 1165; x_wconf 85' lang='lat' dir='ltr'><strong>vidit</strong></span> <span class='ocrx_word' id='word_1_82' title='bbox 1030 1115 1058 1166; x_wconf 83' lang='lat' dir='ltr'><strong>et</strong></span> <span class='ocrx_word' id='word_1_83' title='bbox 1069 1111 1199 1177; x_wconf 76' lang='lat' dir='ltr'><strong>audiuit),</strong></span> <span class='ocrx_word' id='word_1_84' title='bbox 1210 1113 1268 1168; x_wconf 78' lang='lat' dir='ltr'><strong>lraec</strong></span> <span class='ocrx_word' id='word_1_85' title='bbox 1278 1130 1334 1184; x_wconf 79' lang='lat' dir='ltr'><strong>que</strong></span> <span class='ocrx_word' id='word_1_86' title='bbox 1343 1116 1387 1169; x_wconf 80' lang='lat' dir='ltr'><strong>stri</strong></span> 
     </span>
     <span class='ocr_line' id='line_1_9' title="bbox 188 1206 1387 1278; baseline 0.007 -18"><span class='ocrx_word' id='word_1_87' title='bbox 188 1207 279 1261; x_wconf 90' lang='lat' dir='ltr'><strong>bimus</strong></span> <span class='ocrx_word' id='word_1_88' title='bbox 291 1207 408 1273; x_wconf 85' lang='lat' dir='ltr'><strong>audisse,</strong></span> <span class='ocrx_word' id='word_1_89' title='bbox 420 1225 471 1263; x_wconf 88' lang='lat' dir='ltr'><strong>nec</strong></span> <span class='ocrx_word' id='word_1_90' title='bbox 483 1208 631 1278; x_wconf 80' lang='lat' dir='ltr'><strong>quidquam</strong></span> <span class='ocrx_word' id='word_1_91' title='bbox 643 1210 806 1263; x_wconf 87' lang='lat' dir='ltr'><strong>mendosum</strong></span> <span class='ocrx_word' id='word_1_92' title='bbox 819 1206 985 1263; x_wconf 86' lang='lat' dir='ltr'><strong>adulationis</strong></span> <span class='ocrx_word' id='word_1_93' title='bbox 995 1210 1083 1278; x_wconf 84' lang='lat' dir='ltr'><strong>gratia</strong></span> <span class='ocrx_word' id='word_1_94' title='bbox 1095 1211 1162 1264; x_wconf 86' lang='lat' dir='ltr'><strong>huic</strong></span> <span class='ocrx_word' id='word_1_95' title='bbox 1180 1213 1323 1267; x_wconf 78' lang='lat' dir='ltr'><strong>narrationi</strong></span> <span class='ocrx_word' id='word_1_96' title='bbox 1337 1213 1387 1269; x_wconf 78' lang='lat' dir='ltr'><strong>inse</strong></span> 
     </span>
     <span class='ocr_line' id='line_1_10' title="bbox 188 1305 1387 1376; baseline 0.006 -17"><span class='ocrx_word' id='word_1_97' title='bbox 188 1305 380 1376; x_wconf 82' lang='lat' dir='ltr'><strong>misseltteque</strong></span> <span class='ocrx_word' id='word_1_98' title='bbox 387 1308 460 1361; x_wconf 90' lang='lat' dir='ltr'><strong>enim</strong></span> <span class='ocrx_word' id='word_1_99' title='bbox 468 1307 553 1361; x_wconf 84' lang='lat' dir='ltr'><strong>Mater</strong></span> <span class='ocrx_word' id='word_1_100' title='bbox 560 1307 681 1362; x_wconf 90' lang='lat' dir='ltr'><strong>veritatis</strong></span> <span class='ocrx_word' id='word_1_101' title='bbox 687 1308 788 1362; x_wconf 87' lang='lat' dir='ltr'><strong>nostris</strong></span> <span class='ocrx_word' id='word_1_102' title='bbox 797 1306 900 1376; x_wconf 89' lang='lat' dir='ltr'><strong>indiget</strong></span> <span class='ocrx_word' id='word_1_103' title='bbox 907 1307 1068 1372; x_wconf 87' lang='lat' dir='ltr'><strong>mendaciis;</strong></span> <span class='ocrx_word' id='word_1_104' title='bbox 1079 1325 1132 1362; x_wconf 90' lang='lat' dir='ltr'><strong>nec</strong></span> <span class='ocrx_word' id='word_1_105' title='bbox 1139 1326 1193 1363; x_wconf 86' lang='lat' dir='ltr'><strong>uos</strong></span> <span class='ocrx_word' id='word_1_106' title='bbox 1200 1310 1236 1364; x_wconf 90' lang='lat' dir='ltr'><strong>ad</strong></span> <span class='ocrx_word' id='word_1_107' title='bbox 1244 1310 1387 1366; x_wconf 83' lang='lat' dir='ltr'><strong>scribentur</strong></span> 
     </span>
     <span class='ocr_line' id='line_1_11' title="bbox 187 1405 1416 1479; baseline 0.006 -21"><span class='ocrx_word' id='word_1_108' title='bbox 187 1406 257 1458; x_wconf 88' lang='lat' dir='ltr'><strong>adeo</strong></span> <span class='ocrx_word' id='word_1_109' title='bbox 266 1422 363 1460; x_wconf 89' lang='lat' dir='ltr'><strong>sumus</strong></span> <span class='ocrx_word' id='word_1_110' title='bbox 373 1407 534 1477; x_wconf 77' lang='lat' dir='ltr'><strong>praecipites,</strong></span> <span class='ocrx_word' id='word_1_111' title='bbox 546 1412 641 1461; x_wconf 91' lang='lat' dir='ltr'><strong>utnon</strong></span> <span class='ocrx_word' id='word_1_112' title='bbox 652 1407 741 1476; x_wconf 88' lang='lat' dir='ltr'><strong>magis</strong></span> <span class='ocrx_word' id='word_1_113' title='bbox 752 1406 832 1460; x_wconf 89' lang='lat' dir='ltr'><strong>nobis</strong></span> <span class='ocrx_word' id='word_1_114' title='bbox 844 1405 964 1477; x_wconf 86' lang='lat' dir='ltr'><strong>optabile</strong></span> <span class='ocrx_word' id='word_1_115' title='bbox 974 1407 1010 1461; x_wconf 91' lang='lat' dir='ltr'><strong>sit</strong></span> <span class='ocrx_word' id='word_1_116' title='bbox 1021 1408 1108 1462; x_wconf 88' lang='lat' dir='ltr'><strong>etiam</strong></span> <span class='ocrx_word' id='word_1_117' title='bbox 1120 1425 1138 1462; x_wconf 89' lang='lat' dir='ltr'><strong>a</strong></span> <span class='ocrx_word' id='word_1_118' title='bbox 1148 1409 1231 1463; x_wconf 88' lang='lat' dir='ltr'><strong>nobis</strong></span> <span class='ocrx_word' id='word_1_119' title='bbox 1241 1410 1317 1464; x_wconf 85' lang='lat' dir='ltr'><strong>silere</strong></span> <span class='ocrx_word' id='word_1_120' title='bbox 1326 1426 1386 1479; x_wconf 80' lang='lat' dir='ltr'><strong>qurn</strong></span> <span class='ocrx_word' id='word_1_121' title='bbox 1398 1421 1416 1469; x_wconf 88' lang='lat' dir='ltr'><strong>tt</strong></span> 
     </span>
     <span class='ocr_line' id='line_1_12' title="bbox 187 1507 1319 1578; baseline 0.005 -19"><span class='ocrx_word' id='word_1_122' title='bbox 187 1508 338 1562; x_wconf 83' lang='lat' dir='ltr'><strong>mendaciis</strong></span> <span class='ocrx_word' id='word_1_123' title='bbox 350 1508 496 1563; x_wconf 87' lang='lat' dir='ltr'><strong>deservire.</strong></span> <span class='ocrx_word' id='word_1_124' title='bbox 504 1509 557 1562; x_wconf 88' lang='lat' dir='ltr'><strong>Sed</strong></span> <span class='ocrx_word' id='word_1_125' title='bbox 567 1509 623 1576; x_wconf 77' lang='lat' dir='ltr'><strong>iam</strong></span> <span class='ocrx_word' id='word_1_126' title='bbox 637 1509 671 1562; x_wconf 92' lang='lat' dir='ltr'><strong>ad</strong></span> <span class='ocrx_word' id='word_1_127' title='bbox 681 1507 812 1577; x_wconf 90' lang='lat' dir='ltr'><strong>originem</strong></span> <span class='ocrx_word' id='word_1_128' title='bbox 826 1508 865 1562; x_wconf 90' lang='lat' dir='ltr'><strong>rei</strong></span> <span class='ocrx_word' id='word_1_129' title='bbox 876 1508 995 1562; x_wconf 90' lang='lat' dir='ltr'><strong>Domino</strong></span> <span class='ocrx_word' id='word_1_130' title='bbox 1005 1508 1162 1578; x_wconf 84' lang='lat' dir='ltr'><strong>opitulante</strong></span> <span class='ocrx_word' id='word_1_131' title='bbox 1175 1510 1319 1565; x_wconf 77' lang='lat' dir='ltr'><strong>veniamus</strong></span> 
     </span>
     <span class='ocr_line' id='line_1_13' title="bbox 228 1605 1386 1677; baseline 0.001 -14"><span class='ocrx_word' id='word_1_132' title='bbox 228 1605 261 1663; x_wconf 81' lang='lat'><strong>3.</strong></span> <span class='ocrx_word' id='word_1_133' title='bbox 282 1606 349 1660; x_wconf 81' lang='lat' dir='ltr'><strong>Erat</strong></span> <span class='ocrx_word' id='word_1_134' title='bbox 361 1606 444 1677; x_wconf 90' lang='lat' dir='ltr'><strong>igitur</strong></span> <span class='ocrx_word' id='word_1_135' title='bbox 453 1608 481 1661; x_wconf 91' lang='lat' dir='ltr'><strong>in</strong></span> <span class='ocrx_word' id='word_1_136' title='bbox 493 1607 625 1662; x_wconf 88' lang='lat' dir='ltr'><strong>suburbio</strong></span> <span class='ocrx_word' id='word_1_137' title='bbox 637 1608 754 1662; x_wconf 86' lang='lat' dir='ltr'><strong>civitatis</strong></span> <span class='ocrx_word' id='word_1_138' title='bbox 767 1608 955 1673; x_wconf 70' lang='lat' dir='ltr'><strong>attrebatensis</strong></span> <span class='ocrx_word' id='word_1_139' title='bbox 969 1607 1098 1675; x_wconf 71' lang='lat' dir='ltr'><strong>quadam</strong></span> <span class='ocrx_word' id='word_1_140' title='bbox 1109 1609 1303 1677; x_wconf 70' lang='lat' dir='ltr'><strong>juvenculam</strong></span> <span class='ocrx_word' id='word_1_141' title='bbox 1312 1610 1386 1663; x_wconf 85' lang='lat' dir='ltr'><strong>eodm</strong></span> 
     </span>
     <span class='ocr_line' id='line_1_14' title="bbox 187 1704 1386 1775; baseline 0.001 -17"><span class='ocrx_word' id='word_1_142' title='bbox 187 1704 248 1759; x_wconf 93' lang='lat' dir='ltr'><strong>loco</strong></span> <span class='ocrx_word' id='word_1_143' title='bbox 267 1709 333 1758; x_wconf 88' lang='lat' dir='ltr'><strong>nata</strong></span> <span class='ocrx_word' id='word_1_144' title='bbox 355 1709 382 1758; x_wconf 91' lang='lat' dir='ltr'><strong>et</strong></span> <span class='ocrx_word' id='word_1_145' title='bbox 399 1706 522 1770; x_wconf 87' lang='lat' dir='ltr'><strong>educata,</strong></span> <span class='ocrx_word' id='word_1_146' title='bbox 534 1721 595 1775; x_wconf 81' lang='lat' dir='ltr'><strong>quae</strong></span> <span class='ocrx_word' id='word_1_147' title='bbox 610 1706 661 1759; x_wconf 88' lang='lat' dir='ltr'><strong>sub</strong></span> <span class='ocrx_word' id='word_1_148' title='bbox 675 1705 759 1759; x_wconf 90' lang='lat' dir='ltr'><strong>tutela</strong></span> <span class='ocrx_word' id='word_1_149' title='bbox 770 1705 913 1774; x_wconf 88' lang='lat' dir='ltr'><strong>utriusque</strong></span> <span class='ocrx_word' id='word_1_150' title='bbox 927 1704 1048 1774; x_wconf 88' lang='lat' dir='ltr'><strong>parentis</strong></span> <span class='ocrx_word' id='word_1_151' title='bbox 1059 1721 1150 1759; x_wconf 90' lang='lat' dir='ltr'><strong>annos</strong></span> <span class='ocrx_word' id='word_1_152' title='bbox 1167 1707 1294 1774; x_wconf 86' lang='lat' dir='ltr'><strong>puellaris</strong></span> <span class='ocrx_word' id='word_1_153' title='bbox 1309 1706 1386 1760; x_wconf 75' lang='lat' dir='ltr'><strong>riteu</strong></span> 
     </span>
     <span class='ocr_line' id='line_1_15' title="bbox 188 1796 1387 1875; baseline 0.002 -18"><span class='ocrx_word' id='word_1_154' title='bbox 188 1804 397 1872; x_wconf 89' lang='lat' dir='ltr'><strong>magnamentis</strong></span> <span class='ocrx_word' id='word_1_155' title='bbox 406 1803 575 1872; x_wconf 74' lang='lat' dir='ltr'><strong>transigebat</strong></span> <span class='ocrx_word' id='word_1_156' title='bbox 585 1804 766 1872; x_wconf 86' lang='lat' dir='ltr'><strong>simplicitate.</strong></span> <span class='ocrx_word' id='word_1_157' title='bbox 780 1804 845 1858; x_wconf 83' lang='lat' dir='ltr'><strong>liaec</strong></span> <span class='ocrx_word' id='word_1_158' title='bbox 856 1803 921 1858; x_wconf 90' lang='lat' dir='ltr'><strong>dum</strong></span> <span class='ocrx_word' id='word_1_159' title='bbox 935 1804 1053 1872; x_wconf 86' lang='lat' dir='ltr'><strong>quadam</strong></span> <span class='ocrx_word' id='word_1_160' title='bbox 1066 1796 1112 1858; x_wconf 88' lang='lat' dir='ltr'><strong>die</strong></span> <span class='ocrx_word' id='word_1_161' title='bbox 1124 1805 1260 1873; x_wconf 86' lang='lat' dir='ltr'><strong>spatiandi</strong></span> <span class='ocrx_word' id='word_1_162' title='bbox 1270 1805 1345 1875; x_wconf 84' lang='lat' dir='ltr'><strong>gratia</strong></span> <span class='ocrx_word' id='word_1_163' title='bbox 1353 1821 1387 1874; x_wconf 83' lang='lat' dir='ltr'><strong>pu</strong></span> 
     </span>
     <span class='ocr_line' id='line_1_16' title="bbox 187 1902 1416 1974; baseline 0.001 -17"><span class='ocrx_word' id='word_1_164' title='bbox 187 1903 300 1957; x_wconf 89' lang='lat' dir='ltr'><strong>hortum</strong></span> <span class='ocrx_word' id='word_1_165' title='bbox 316 1902 475 1972; x_wconf 87' lang='lat' dir='ltr'><strong>simpliciter</strong></span> <span class='ocrx_word' id='word_1_166' title='bbox 491 1902 550 1956; x_wconf 88' lang='lat' dir='ltr'><strong>sola</strong></span> <span class='ocrx_word' id='word_1_167' title='bbox 567 1902 763 1968; x_wconf 85' lang='lat' dir='ltr'><strong>deambularet,</strong></span> <span class='ocrx_word' id='word_1_168' title='bbox 774 1907 888 1971; x_wconf 87' lang='lat' dir='ltr'><strong>repente</strong></span> <span class='ocrx_word' id='word_1_169' title='bbox 904 1903 928 1957; x_wconf 90' lang='lat' dir='ltr'><strong>ei</strong></span> <span class='ocrx_word' id='word_1_170' title='bbox 947 1902 1029 1956; x_wconf 87' lang='lat' dir='ltr'><strong>beata</strong></span> <span class='ocrx_word' id='word_1_171' title='bbox 1040 1902 1119 1972; x_wconf 74' lang='lat' dir='ltr'><strong>virgo</strong></span> <span class='ocrx_word' id='word_1_172' title='bbox 1135 1902 1228 1967; x_wconf 81' lang='lat' dir='ltr'><strong>llaria,</strong></span> <span class='ocrx_word' id='word_1_173' title='bbox 1237 1905 1305 1974; x_wconf 89' lang='lat' dir='ltr'><strong>regio</strong></span> <span class='ocrx_word' id='word_1_174' title='bbox 1315 1904 1387 1958; x_wconf 74' lang='lat' dir='ltr'><strong>habim</strong></span> <span class='ocrx_word' id='word_1_175' title='bbox 1397 1911 1416 1958; x_wconf 84' lang='lat' dir='ltr'><strong>tt</strong></span> 
     </span>
     <span class='ocr_line' id='line_1_17' title="bbox 188 2000 1386 2072; baseline 0.001 -16"><span class='ocrx_word' id='word_1_176' title='bbox 188 2005 285 2056; x_wconf 87' lang='lat' dir='ltr'><strong>ornata</strong></span> <span class='ocrx_word' id='word_1_177' title='bbox 295 2006 322 2056; x_wconf 89' lang='lat' dir='ltr'><strong>et</strong></span> <span class='ocrx_word' id='word_1_178' title='bbox 333 2001 405 2058; x_wconf 87' lang='lat' dir='ltr'><strong>miro</strong></span> <span class='ocrx_word' id='word_1_179' title='bbox 417 2000 562 2072; x_wconf 87' lang='lat' dir='ltr'><strong>splendore</strong></span> <span class='ocrx_word' id='word_1_180' title='bbox 573 2017 694 2063; x_wconf 86' lang='lat' dir='ltr'><strong>corusca,</strong></span> <span class='ocrx_word' id='word_1_181' title='bbox 703 2001 837 2070; x_wconf 87' lang='lat' dir='ltr'><strong>apparuit.</strong></span> <span class='ocrx_word' id='word_1_182' title='bbox 845 2000 894 2055; x_wconf 88' lang='lat' dir='ltr'><strong>llla</strong></span> <span class='ocrx_word' id='word_1_183' title='bbox 907 2017 972 2055; x_wconf 89' lang='lat' dir='ltr'><strong>vero</strong></span> <span class='ocrx_word' id='word_1_184' title='bbox 984 2017 1068 2070; x_wconf 84' lang='lat' dir='ltr'><strong>quam</strong></span> <span class='ocrx_word' id='word_1_185' title='bbox 1079 2006 1108 2055; x_wconf 91' lang='lat' dir='ltr'><strong>et</strong></span> <span class='ocrx_word' id='word_1_186' title='bbox 1119 2019 1203 2056; x_wconf 87' lang='lat' dir='ltr'><strong>sexus</strong></span> <span class='ocrx_word' id='word_1_187' title='bbox 1212 2008 1238 2058; x_wconf 91' lang='lat' dir='ltr'><strong>et</strong></span> <span class='ocrx_word' id='word_1_188' title='bbox 1248 2003 1329 2057; x_wconf 79' lang='lat' dir='ltr'><strong>atatis</strong></span> <span class='ocrx_word' id='word_1_189' title='bbox 1334 2003 1386 2057; x_wconf 88' lang='lat' dir='ltr'><strong>intir-</strong></span> 
     </span>
     <span class='ocr_line' id='line_1_18' title="bbox 188 2098 1386 2170; baseline 0 -16"><span class='ocrx_word' id='word_1_190' title='bbox 188 2101 271 2155; x_wconf 88' lang='lat' dir='ltr'><strong>mitas</strong></span> <span class='ocrx_word' id='word_1_191' title='bbox 278 2101 451 2169; x_wconf 83' lang='lat' dir='ltr'><strong>aggravabat,</strong></span> <span class='ocrx_word' id='word_1_192' title='bbox 458 2098 575 2154; x_wconf 78' lang='lat' dir='ltr'><strong>insolitae</strong></span> <span class='ocrx_word' id='word_1_193' title='bbox 584 2099 696 2153; x_wconf 84' lang='lat' dir='ltr'><strong>visionis</strong></span> <span class='ocrx_word' id='word_1_194' title='bbox 707 2099 828 2153; x_wconf 87' lang='lat' dir='ltr'><strong>novitate</strong></span> <span class='ocrx_word' id='word_1_195' title='bbox 836 2099 961 2163; x_wconf 86' lang='lat' dir='ltr'><strong>attonita,</strong></span> <span class='ocrx_word' id='word_1_196' title='bbox 968 2098 1035 2168; x_wconf 88' lang='lat' dir='ltr'><strong>quid</strong></span> <span class='ocrx_word' id='word_1_197' title='bbox 1044 2106 1138 2168; x_wconf 81' lang='lat' dir='ltr'><strong>ageret</strong></span> <span class='ocrx_word' id='word_1_198' title='bbox 1145 2117 1257 2169; x_wconf 86' lang='lat' dir='ltr'><strong>prorsus</strong></span> <span class='ocrx_word' id='word_1_199' title='bbox 1266 2101 1386 2170; x_wconf 84' lang='lat' dir='ltr'><strong>ignorabat</strong></span> 
     </span>
     <span class='ocr_line' id='line_1_19' title="bbox 188 2199 1387 2276; baseline 0 -23"><span class='ocrx_word' id='word_1_200' title='bbox 188 2199 266 2254; x_wconf 86' lang='lat' dir='ltr'><strong>Tunc</strong></span> <span class='ocrx_word' id='word_1_201' title='bbox 275 2206 307 2254; x_wconf 92' lang='lat' dir='ltr'><strong>ut</strong></span> <span class='ocrx_word' id='word_1_202' title='bbox 318 2199 479 2268; x_wconf 88' lang='lat' dir='ltr'><strong>impleretur</strong></span> <span class='ocrx_word' id='word_1_203' title='bbox 491 2199 565 2268; x_wconf 91' lang='lat' dir='ltr'><strong>quod</strong></span> <span class='ocrx_word' id='word_1_204' title='bbox 573 2199 704 2276; x_wconf 88' lang='lat' dir='ltr'><strong>scriptum</strong></span> <span class='ocrx_word' id='word_1_205' title='bbox 716 2203 765 2263; x_wconf 85' lang='lat' dir='ltr'><strong>est,</strong></span> <span class='ocrx_word' id='word_1_206' title='bbox 773 2199 839 2267; x_wconf 90' lang='lat' dir='ltr'><strong>quia</strong></span> <span class='ocrx_word' id='word_1_207' title='bbox 853 2199 921 2252; x_wconf 79' lang='lat' dir='ltr'><strong>Cum</strong></span> <span class='ocrx_word' id='word_1_208' title='bbox 930 2201 1099 2266; x_wconf 81' lang='lat' dir='ltr'><strong>simplicibus</strong></span> <span class='ocrx_word' id='word_1_209' title='bbox 1107 2204 1293 2255; x_wconf 74' lang='lat' dir='ltr'><strong>eemnoctnatr&#39;o</strong></span> <span class='ocrx_word' id='word_1_210' title='bbox 1302 2201 1343 2255; x_wconf 79' lang='lat' dir='ltr'><strong>uei</strong></span> <span class='ocrx_word' id='word_1_211' title='bbox 1351 2205 1387 2263; x_wconf 78' lang='lat' dir='ltr'><strong>cst,</strong></span> 
     </span>
     <span class='ocr_line' id='line_1_20' title="bbox 187 2297 1387 2368; baseline 0.003 -17"><span class='ocrx_word' id='word_1_212' title='bbox 187 2297 234 2352; x_wconf 89' lang='lat' dir='ltr'><strong>illa</strong></span> <span class='ocrx_word' id='word_1_213' title='bbox 243 2314 307 2352; x_wconf 89' lang='lat' dir='ltr'><strong>rere</strong></span> <span class='ocrx_word' id='word_1_214' title='bbox 319 2297 492 2352; x_wconf 67' lang='lat' dir='ltr'><strong>maerentium</strong></span> <span class='ocrx_word' id='word_1_215' title='bbox 505 2297 671 2352; x_wconf 85' lang='lat' dir='ltr'><strong>consolatrix</strong></span> <span class='ocrx_word' id='word_1_216' title='bbox 678 2297 862 2366; x_wconf 82' lang='lat' dir='ltr'><strong>juvenculam,</strong></span> <span class='ocrx_word' id='word_1_217' title='bbox 872 2297 976 2352; x_wconf 88' lang='lat' dir='ltr'><strong>visione</strong></span> <span class='ocrx_word' id='word_1_218' title='bbox 988 2298 1048 2364; x_wconf 88' lang='lat' dir='ltr'><strong>ejus</strong></span> <span class='ocrx_word' id='word_1_219' title='bbox 1059 2297 1286 2368; x_wconf 81' lang='lat' dir='ltr'><strong>obstupefactum,</strong></span> <span class='ocrx_word' id='word_1_220' title='bbox 1297 2300 1387 2368; x_wconf 79' lang='lat' dir='ltr'><strong>beuigm</strong></span> 
     </span>
     <span class='ocr_line' id='line_1_21' title="bbox 187 2395 1417 2466; baseline -0.001 -15"><span class='ocrx_word' id='word_1_221' title='bbox 187 2396 329 2451; x_wconf 85' lang='lat' dir='ltr'><strong>consolata</strong></span> <span class='ocrx_word' id='word_1_222' title='bbox 346 2402 396 2460; x_wconf 90' lang='lat' dir='ltr'><strong>est,</strong></span> <span class='ocrx_word' id='word_1_223' title='bbox 414 2396 494 2451; x_wconf 88' lang='lat' dir='ltr'><strong>etsie</strong></span> <span class='ocrx_word' id='word_1_224' title='bbox 509 2397 534 2450; x_wconf 93' lang='lat' dir='ltr'><strong>ei</strong></span> <span class='ocrx_word' id='word_1_225' title='bbox 554 2395 647 2450; x_wconf 92' lang='lat' dir='ltr'><strong>locuta</strong></span> <span class='ocrx_word' id='word_1_226' title='bbox 666 2401 724 2451; x_wconf 87' lang='lat' dir='ltr'><strong>est:</strong></span> <span class='ocrx_word' id='word_1_227' title='bbox 743 2397 808 2462; x_wconf 83' lang='lat' dir='ltr'><strong>Scis,</strong></span> <span class='ocrx_word' id='word_1_228' title='bbox 825 2395 921 2466; x_wconf 87' lang='lat' dir='ltr'><strong>inquit,</strong></span> <span class='ocrx_word' id='word_1_229' title='bbox 937 2413 994 2464; x_wconf 74' lang='lat' dir='ltr'><strong>gua</strong></span> <span class='ocrx_word' id='word_1_230' title='bbox 1008 2413 1069 2450; x_wconf 83' lang='lat' dir='ltr'><strong>sum</strong></span> <span class='ocrx_word' id='word_1_231' title='bbox 1091 2401 1160 2464; x_wconf 70' lang='lat' dir='ltr'><strong>epo?</strong></span> <span class='ocrx_word' id='word_1_232' title='bbox 1177 2397 1227 2451; x_wconf 91' lang='lat' dir='ltr'><strong>Cui</strong></span> <span class='ocrx_word' id='word_1_233' title='bbox 1243 2415 1302 2452; x_wconf 88' lang='lat' dir='ltr'><strong>cum</strong></span> <span class='ocrx_word' id='word_1_234' title='bbox 1313 2399 1351 2452; x_wconf 85' lang='lat' dir='ltr'><strong>illa</strong></span> <span class='ocrx_word' id='word_1_235' title='bbox 1365 2401 1417 2450; x_wconf 79' lang='lat' dir='ltr'><strong>seit</strong></span> 
     </span>
     <span class='ocr_line' id='line_1_22' title="bbox 187 2494 1387 2566; baseline 0 -17"><span class='ocrx_word' id='word_1_236' title='bbox 187 2494 292 2549; x_wconf 86' lang='lat' dir='ltr'><strong>nescire</strong></span> <span class='ocrx_word' id='word_1_237' title='bbox 304 2512 365 2564; x_wconf 83' lang='lat' dir='ltr'><strong>quae</strong></span> <span class='ocrx_word' id='word_1_238' title='bbox 377 2499 457 2559; x_wconf 83' lang='lat' dir='ltr'><strong>esset,</strong></span> <span class='ocrx_word' id='word_1_239' title='bbox 468 2494 609 2548; x_wconf 88' lang='lat' dir='ltr'><strong>humiliter</strong></span> <span class='ocrx_word' id='word_1_240' title='bbox 620 2495 805 2563; x_wconf 86' lang='lat' dir='ltr'><strong>responderet,</strong></span> <span class='ocrx_word' id='word_1_241' title='bbox 816 2494 898 2548; x_wconf 86' lang='lat' dir='ltr'><strong>beata</strong></span> <span class='ocrx_word' id='word_1_242' title='bbox 909 2498 936 2547; x_wconf 91' lang='lat' dir='ltr'><strong>et</strong></span> <span class='ocrx_word' id='word_1_243' title='bbox 953 2494 1119 2548; x_wconf 86' lang='lat' dir='ltr'><strong>intemerata</strong></span> <span class='ocrx_word' id='word_1_244' title='bbox 1138 2496 1220 2566; x_wconf 89' lang='lat' dir='ltr'><strong>Virgo</strong></span> <span class='ocrx_word' id='word_1_245' title='bbox 1232 2497 1282 2551; x_wconf 91' lang='lat' dir='ltr'><strong>hoc</strong></span> <span class='ocrx_word' id='word_1_246' title='bbox 1298 2496 1387 2551; x_wconf 85' lang='lat' dir='ltr'><strong>verbum</strong></span> 
     </span>
     <span class='ocr_line' id='line_1_23' title="bbox 188 2593 1389 2665; baseline 0.001 -18"><span class='ocrx_word' id='word_1_247' title='bbox 188 2594 402 2648; x_wconf 88' lang='lat' dir='ltr'><strong>consolatorium</strong></span> <span class='ocrx_word' id='word_1_248' title='bbox 416 2595 459 2662; x_wconf 86' lang='lat' dir='ltr'><strong>pia</strong></span> <span class='ocrx_word' id='word_1_249' title='bbox 473 2610 541 2648; x_wconf 88' lang='lat' dir='ltr'><strong>voce</strong></span> <span class='ocrx_word' id='word_1_250' title='bbox 552 2593 739 2662; x_wconf 85' lang='lat' dir='ltr'><strong>deprompsit:</strong></span> <span class='ocrx_word' id='word_1_251' title='bbox 752 2594 810 2660; x_wconf 72' lang='lat' dir='ltr'><strong>Ego</strong></span> <span class='ocrx_word' id='word_1_252' title='bbox 821 2611 881 2647; x_wconf 81' lang='lat' dir='ltr'><strong>sum</strong></span> <span class='ocrx_word' id='word_1_253' title='bbox 894 2601 980 2647; x_wconf 82' lang='lat' dir='ltr'><strong>mater</strong></span> <span class='ocrx_word' id='word_1_254' title='bbox 992 2595 1052 2660; x_wconf 81' lang='lat' dir='ltr'><strong>Dei,</strong></span> <span class='ocrx_word' id='word_1_255' title='bbox 1063 2595 1169 2649; x_wconf 78' lang='lat' dir='ltr'><strong>llario.</strong></span> <span class='ocrx_word' id='word_1_256' title='bbox 1178 2594 1239 2664; x_wconf 86' lang='lat' dir='ltr'><strong>Qua</strong></span> <span class='ocrx_word' id='word_1_257' title='bbox 1251 2595 1294 2650; x_wconf 90' lang='lat' dir='ltr'><strong>illa</strong></span> <span class='ocrx_word' id='word_1_258' title='bbox 1303 2611 1389 2665; x_wconf 77' lang='lat' dir='ltr'><strong>reaper</strong></span> 
     </span>
     <span class='ocr_line' id='line_1_24' title="bbox 188 2680 1389 2764; baseline 0.001 -18"><span class='ocrx_word' id='word_1_259' title='bbox 188 2680 265 2746; x_wconf 90' lang='lat' dir='ltr'><strong>sione</strong></span> <span class='ocrx_word' id='word_1_260' title='bbox 275 2692 429 2746; x_wconf 83' lang='lat' dir='ltr'><strong>confortata</strong></span> <span class='ocrx_word' id='word_1_261' title='bbox 446 2697 473 2745; x_wconf 90' lang='lat' dir='ltr'><strong>et</strong></span> <span class='ocrx_word' id='word_1_262' title='bbox 484 2693 690 2760; x_wconf 88' lang='lat' dir='ltr'><strong>quodammodo</strong></span> <span class='ocrx_word' id='word_1_263' title='bbox 702 2693 820 2761; x_wconf 85' lang='lat' dir='ltr'><strong>quadam</strong></span> <span class='ocrx_word' id='word_1_264' title='bbox 837 2692 894 2761; x_wconf 91' lang='lat' dir='ltr'><strong>spei</strong></span> <span class='ocrx_word' id='word_1_265' title='bbox 905 2691 1006 2746; x_wconf 86' lang='lat' dir='ltr'><strong>fiducia</strong></span> <span class='ocrx_word' id='word_1_266' title='bbox 1022 2693 1057 2747; x_wconf 89' lang='lat' dir='ltr'><strong>ad</strong></span> <span class='ocrx_word' id='word_1_267' title='bbox 1070 2695 1289 2764; x_wconf 88' lang='lat' dir='ltr'><strong>respondendum</strong></span> <span class='ocrx_word' id='word_1_268' title='bbox 1299 2695 1389 2749; x_wconf 76' lang='lat' dir='ltr'><strong>salubri</strong></span> 
     </span>
     <span class='ocr_line' id='line_1_25' title="bbox 189 2791 1391 2858; baseline 0.002 -14"><span class='ocrx_word' id='word_1_269' title='bbox 189 2791 369 2847; x_wconf 86' lang='lat' dir='ltr'><strong>teranimata.</strong></span> <span class='ocrx_word' id='word_1_270' title='bbox 381 2791 449 2844; x_wconf 89' lang='lat' dir='ltr'><strong>dixit</strong></span> <span class='ocrx_word' id='word_1_271' title='bbox 461 2791 495 2845; x_wconf 90' lang='lat' dir='ltr'><strong>ad</strong></span> <span class='ocrx_word' id='word_1_272' title='bbox 509 2808 569 2844; x_wconf 91' lang='lat' dir='ltr'><strong>eam</strong></span> <span class='ocrx_word' id='word_1_273' title='bbox 580 2812 586 2844; x_wconf 93' lang='lat'><strong>:</strong></span> <span class='ocrx_word' id='word_1_274' title='bbox 598 2793 620 2844; x_wconf 85' lang='lat'><em>0</em></span> <span class='ocrx_word' id='word_1_275' title='bbox 632 2793 751 2844; x_wconf 81' lang='lat' dir='ltr'><strong>Domirm</strong></span> <span class='ocrx_word' id='word_1_276' title='bbox 763 2794 962 2858; x_wconf 74' lang='lat' dir='ltr'><strong>benignissimo,</strong></span> <span class='ocrx_word' id='word_1_277' title='bbox 973 2795 1043 2846; x_wconf 80' lang='lat' dir='ltr'><strong>unde</strong></span> <span class='ocrx_word' id='word_1_278' title='bbox 1051 2795 1123 2845; x_wconf 82' lang='lat' dir='ltr'><strong>mihi</strong></span> <span class='ocrx_word' id='word_1_279' title='bbox 1130 2795 1180 2847; x_wconf 81' lang='lat' dir='ltr'><strong>boc</strong></span> <span class='ocrx_word' id='word_1_280' title='bbox 1191 2795 1391 2857; x_wconf 78' lang='lat' dir='ltr'><strong>atadmr.tratrt·</strong></span> 
     </span>
     <span class='ocr_line' id='line_1_26' title="bbox 189 2890 1423 2961; baseline 0.002 -18"><span class='ocrx_word' id='word_1_281' title='bbox 189 2891 244 2943; x_wconf 85' lang='lat' dir='ltr'><strong>tom</strong></span> <span class='ocrx_word' id='word_1_282' title='bbox 256 2892 414 2943; x_wconf 83' lang='lat' dir='ltr'><strong>ancillulam</strong></span> <span class='ocrx_word' id='word_1_283' title='bbox 431 2899 515 2955; x_wconf 83' lang='lat' dir='ltr'><strong>tuom,</strong></span> <span class='ocrx_word' id='word_1_284' title='bbox 532 2893 622 2943; x_wconf 72' lang='lat' dir='ltr'><strong>renim</strong></span> <span class='ocrx_word' id='word_1_285' title='bbox 632 2891 867 2956; x_wconf 65' lang='lat' dir='ltr'><strong>dignarertsiCui</strong></span> <span class='ocrx_word' id='word_1_286' title='bbox 883 2891 966 2944; x_wconf 88' lang='lat' dir='ltr'><strong>beata</strong></span> <span class='ocrx_word' id='word_1_287' title='bbox 977 2890 1058 2960; x_wconf 85' lang='lat' dir='ltr'><strong>Virgo</strong></span> <span class='ocrx_word' id='word_1_288' title='bbox 1075 2892 1204 2961; x_wconf 86' lang='lat' dir='ltr'><strong>benigno,</strong></span> <span class='ocrx_word' id='word_1_289' title='bbox 1216 2899 1247 2947; x_wconf 91' lang='lat' dir='ltr'><strong>nt</strong></span> <span class='ocrx_word' id='word_1_290' title='bbox 1262 2899 1322 2956; x_wconf 82' lang='lat' dir='ltr'><strong>erat</strong></span> <span class='ocrx_word' id='word_1_291' title='bbox 1332 2893 1423 2946; x_wconf 74' lang='lat' dir='ltr'><strong>vultutt</strong></span> 
     </span>
     <span class='ocr_line' id='line_1_27' title="bbox 189 2986 1392 3056; baseline 0.003 -18"><span class='ocrx_word' id='word_1_292' title='bbox 189 2986 342 3055; x_wconf 90' lang='lat' dir='ltr'><strong>respondit:</strong></span> <span class='ocrx_word' id='word_1_293' title='bbox 353 2989 466 3040; x_wconf 83' lang='lat' dir='ltr'><strong>Noceris</strong></span> <span class='ocrx_word' id='word_1_294' title='bbox 478 2990 549 3056; x_wconf 81' lang='lat' dir='ltr'><strong>quod</strong></span> <span class='ocrx_word' id='word_1_295' title='bbox 560 2996 583 3042; x_wconf 84' lang='lat' dir='ltr'><strong>tc</strong></span> <span class='ocrx_word' id='word_1_296' title='bbox 595 2990 663 3040; x_wconf 81' lang='lat' dir='ltr'><strong>nrihi</strong></span> <span class='ocrx_word' id='word_1_297' title='bbox 676 2990 705 3040; x_wconf 82' lang='lat' dir='ltr'><strong>iu</strong></span> <span class='ocrx_word' id='word_1_298' title='bbox 723 2990 851 3041; x_wconf 81' lang='lat' dir='ltr'><strong>orcittom</strong></span> <span class='ocrx_word' id='word_1_299' title='bbox 862 2990 985 3055; x_wconf 79' lang='lat' dir='ltr'><strong>elegerim</strong></span> <span class='ocrx_word' id='word_1_300' title='bbox 997 2997 1020 3041; x_wconf 86' lang='lat' dir='ltr'><strong>et</strong></span> <span class='ocrx_word' id='word_1_301' title='bbox 1032 2991 1136 3043; x_wconf 84' lang='lat' dir='ltr'><strong>idcirco</strong></span> <span class='ocrx_word' id='word_1_302' title='bbox 1147 2993 1206 3055; x_wconf 72' lang='lat' dir='ltr'><strong>riui,</strong></span> <span class='ocrx_word' id='word_1_303' title='bbox 1218 3000 1247 3045; x_wconf 83' lang='lat' dir='ltr'><strong>ut</strong></span> <span class='ocrx_word' id='word_1_304' title='bbox 1258 3009 1274 3044; x_wconf 87' lang='lat' dir='ltr'><strong>u</strong></span> <span class='ocrx_word' id='word_1_305' title='bbox 1287 3009 1324 3044; x_wconf 79' lang='lat' dir='ltr'><strong>ore</strong></span> <span class='ocrx_word' id='word_1_306' title='bbox 1333 3008 1392 3042; x_wconf 74' lang='lat' dir='ltr'><strong>nra·</strong></span> 
     </span>
     <span class='ocr_line' id='line_1_28' title="bbox 188 3085 1391 3156; baseline 0.002 -20"><span class='ocrx_word' id='word_1_307' title='bbox 188 3086 254 3136; x_wconf 84' lang='lat' dir='ltr'><strong>doto</strong></span> <span class='ocrx_word' id='word_1_308' title='bbox 262 3086 360 3137; x_wconf 82' lang='lat' dir='ltr'><strong>solutis</strong></span> <span class='ocrx_word' id='word_1_309' title='bbox 369 3086 489 3148; x_wconf 82' lang='lat' dir='ltr'><strong>audires,</strong></span> <span class='ocrx_word' id='word_1_310' title='bbox 497 3087 682 3153; x_wconf 78' lang='lat' dir='ltr'><strong>apparuerim.</strong></span> <span class='ocrx_word' id='word_1_311' title='bbox 695 3085 874 3151; x_wconf 78' lang='lat' dir='ltr'><strong>Pracipierrdo</strong></span> <span class='ocrx_word' id='word_1_312' title='bbox 884 3087 974 3152; x_wconf 85' lang='lat' dir='ltr'><strong>itaque</strong></span> <span class='ocrx_word' id='word_1_313' title='bbox 983 3087 1033 3138; x_wconf 81' lang='lat' dir='ltr'><strong>tibi</strong></span> <span class='ocrx_word' id='word_1_314' title='bbox 1042 3089 1181 3151; x_wconf 62' lang='lat' dir='ltr'><strong>manatio,</strong></span> <span class='ocrx_word' id='word_1_315' title='bbox 1193 3097 1223 3142; x_wconf 82' lang='lat' dir='ltr'><strong>ut</strong></span> <span class='ocrx_word' id='word_1_316' title='bbox 1230 3091 1319 3156; x_wconf 73' lang='lat' dir='ltr'><strong>{torem</strong></span> <span class='ocrx_word' id='word_1_317' title='bbox 1328 3090 1391 3153; x_wconf 79' lang='lat' dir='ltr'><strong>rirgi·</strong></span> 
     </span>
     <span class='ocr_line' id='line_1_29' title="bbox 189 3185 1393 3250; baseline 0.001 -16"><span class='ocrx_word' id='word_1_318' title='bbox 189 3185 284 3236; x_wconf 80' lang='lat' dir='ltr'><strong>nitatis</strong></span> <span class='ocrx_word' id='word_1_319' title='bbox 298 3186 468 3236; x_wconf 86' lang='lat' dir='ltr'><strong>r&#39;mrrmcrrloto</strong></span> <span class='ocrx_word' id='word_1_320' title='bbox 480 3201 589 3250; x_wconf 80' lang='lat' dir='ltr'><strong>corpore</strong></span> <span class='ocrx_word' id='word_1_321' title='bbox 601 3186 684 3235; x_wconf 82' lang='lat' dir='ltr'><strong>simul</strong></span> <span class='ocrx_word' id='word_1_322' title='bbox 700 3192 723 3236; x_wconf 81' lang='lat' dir='ltr'><strong>rt</strong></span> <span class='ocrx_word' id='word_1_323' title='bbox 735 3185 813 3236; x_wconf 83' lang='lat' dir='ltr'><strong>corde</strong></span> <span class='ocrx_word' id='word_1_324' title='bbox 830 3186 975 3247; x_wconf 67' lang='lat' dir='ltr'><strong>semodios,</strong></span> <span class='ocrx_word' id='word_1_325' title='bbox 987 3202 1004 3236; x_wconf 88' lang='lat' dir='ltr'><strong>a</strong></span> <span class='ocrx_word' id='word_1_326' title='bbox 1021 3187 1120 3237; x_wconf 83' lang='lat' dir='ltr'><strong>mundi</strong></span> <span class='ocrx_word' id='word_1_327' title='bbox 1132 3188 1277 3239; x_wconf 70' lang='lat' dir='ltr'><strong>desideriis</strong></span> <span class='ocrx_word' id='word_1_328' title='bbox 1288 3196 1308 3239; x_wconf 82' lang='lat' dir='ltr'><strong>rt</strong></span> <span class='ocrx_word' id='word_1_329' title='bbox 1319 3186 1393 3239; x_wconf 70' lang='lat' dir='ltr'><strong>corvis</strong></span> 
     </span>
     <span class='ocr_line' id='line_1_30' title="bbox 190 3283 1394 3351; baseline 0 -18"><span class='ocrx_word' id='word_1_330' title='bbox 190 3283 320 3334; x_wconf 80' lang='lat' dir='ltr'><strong>illecebris</strong></span> <span class='ocrx_word' id='word_1_331' title='bbox 336 3290 360 3335; x_wconf 87' lang='lat' dir='ltr'><strong>te</strong></span> <span class='ocrx_word' id='word_1_332' title='bbox 371 3285 480 3335; x_wconf 83' lang='lat' dir='ltr'><strong>omnino</strong></span> <span class='ocrx_word' id='word_1_333' title='bbox 496 3284 641 3336; x_wconf 80' lang='lat' dir='ltr'><strong>subduccre</strong></span> <span class='ocrx_word' id='word_1_334' title='bbox 658 3285 774 3348; x_wconf 81' lang='lat' dir='ltr'><strong>studeas,</strong></span> <span class='ocrx_word' id='word_1_335' title='bbox 787 3286 867 3336; x_wconf 78' lang='lat' dir='ltr'><strong>immo</strong></span> <span class='ocrx_word' id='word_1_336' title='bbox 879 3285 967 3345; x_wconf 77' lang='lat' dir='ltr'><strong>etiam,</strong></span> <span class='ocrx_word' id='word_1_337' title='bbox 983 3286 1008 3336; x_wconf 87' lang='lat' dir='ltr'><strong>si</strong></span> <span class='ocrx_word' id='word_1_338' title='bbox 1024 3291 1049 3336; x_wconf 82' lang='lat' dir='ltr'><strong>te</strong></span> <span class='ocrx_word' id='word_1_339' title='bbox 1064 3293 1146 3351; x_wconf 77' lang='lat' dir='ltr'><strong>poter</strong></span> <span class='ocrx_word' id='word_1_340' title='bbox 1163 3293 1188 3338; x_wconf 81' lang='lat' dir='ltr'><strong>er</strong></span> <span class='ocrx_word' id='word_1_341' title='bbox 1205 3294 1289 3338; x_wconf 77' lang='lat' dir='ltr'><strong>mater</strong></span> <span class='ocrx_word' id='word_1_342' title='bbox 1306 3285 1394 3338; x_wconf 78' lang='lat' dir='ltr'><strong>mrnoti</strong></span> 
     </span>
     <span class='ocr_line' id='line_1_31' title="bbox 189 3382 1426 3452; baseline 0.001 -20"><span class='ocrx_word' id='word_1_343' title='bbox 189 3383 312 3448; x_wconf 77' lang='lat' dir='ltr'><strong>conjugio</strong></span> <span class='ocrx_word' id='word_1_344' title='bbox 329 3382 448 3448; x_wconf 74' lang='lat' dir='ltr'><strong>obligare</strong></span> <span class='ocrx_word' id='word_1_345' title='bbox 464 3383 604 3445; x_wconf 79' lang='lat' dir='ltr'><strong>voluerint,</strong></span> <span class='ocrx_word' id='word_1_346' title='bbox 614 3384 768 3434; x_wconf 76' lang='lat' dir='ltr'><strong>nuttmerrrrs</strong></span> <span class='ocrx_word' id='word_1_347' title='bbox 785 3399 876 3434; x_wconf 84' lang='lat' dir='ltr'><strong>eorum</strong></span> <span class='ocrx_word' id='word_1_348' title='bbox 888 3383 1021 3435; x_wconf 82' lang='lat' dir='ltr'><strong>uoluntati</strong></span> <span class='ocrx_word' id='word_1_349' title='bbox 1035 3385 1196 3436; x_wconf 81' lang='lat' dir='ltr'><strong>consentius.</strong></span> <span class='ocrx_word' id='word_1_350' title='bbox 1208 3386 1275 3438; x_wconf 83' lang='lat' dir='ltr'><strong>Care</strong></span> <span class='ocrx_word' id='word_1_351' title='bbox 1287 3388 1361 3452; x_wconf 80' lang='lat' dir='ltr'><strong>igitvr</strong></span> <span class='ocrx_word' id='word_1_352' title='bbox 1370 3383 1426 3435; x_wconf 79' lang='lat' dir='ltr'><strong>neit</strong></span> 
     </span>
     <span class='ocr_line' id='line_1_32' title="bbox 189 3481 1395 3549; baseline 0.002 -18"><span class='ocrx_word' id='word_1_353' title='bbox 189 3482 282 3533; x_wconf 80' lang='lat' dir='ltr'><strong>corais</strong></span> <span class='ocrx_word' id='word_1_354' title='bbox 302 3482 462 3547; x_wconf 79' lang='lat' dir='ltr'><strong>voluptatem</strong></span> <span class='ocrx_word' id='word_1_355' title='bbox 480 3482 577 3534; x_wconf 73' lang='lat' dir='ltr'><strong>anime</strong></span> <span class='ocrx_word' id='word_1_356' title='bbox 597 3483 747 3547; x_wconf 74' lang='lat' dir='ltr'><strong>integritati</strong></span> <span class='ocrx_word' id='word_1_357' title='bbox 761 3496 913 3547; x_wconf 77' lang='lat' dir='ltr'><strong>preparas,</strong></span> <span class='ocrx_word' id='word_1_358' title='bbox 925 3482 951 3534; x_wconf 82' lang='lat' dir='ltr'><strong>si</strong></span> <span class='ocrx_word' id='word_1_359' title='bbox 962 3497 1002 3533; x_wconf 84' lang='lat' dir='ltr'><strong>me</strong></span> <span class='ocrx_word' id='word_1_360' title='bbox 1013 3481 1064 3533; x_wconf 81' lang='lat' dir='ltr'><strong>tibi</strong></span> <span class='ocrx_word' id='word_1_361' title='bbox 1078 3483 1106 3533; x_wconf 82' lang='lat' dir='ltr'><strong>irr</strong></span> <span class='ocrx_word' id='word_1_362' title='bbox 1120 3483 1245 3536; x_wconf 81' lang='lat' dir='ltr'><strong>coraibus</strong></span> <span class='ocrx_word' id='word_1_363' title='bbox 1257 3485 1395 3549; x_wconf 73' lang='lat' dir='ltr'><strong>adjutrices</strong></span> 
     </span>
     <span class='ocr_line' id='line_1_33' title="bbox 188 3578 1396 3650; baseline 0.002 -20"><span class='ocrx_word' id='word_1_364' title='bbox 188 3579 285 3631; x_wconf 84' lang='lat' dir='ltr'><strong>trabere</strong></span> <span class='ocrx_word' id='word_1_365' title='bbox 296 3581 443 3632; x_wconf 81' lang='lat' dir='ltr'><strong>desideras.</strong></span> <span class='ocrx_word' id='word_1_366' title='bbox 453 3579 501 3632; x_wconf 90' lang='lat' dir='ltr'><strong>His</strong></span> <span class='ocrx_word' id='word_1_367' title='bbox 513 3579 605 3647; x_wconf 89' lang='lat' dir='ltr'><strong>itaque</strong></span> <span class='ocrx_word' id='word_1_368' title='bbox 616 3579 709 3642; x_wconf 88' lang='lat' dir='ltr'><strong>finitis,</strong></span> <span class='ocrx_word' id='word_1_369' title='bbox 721 3578 788 3632; x_wconf 92' lang='lat' dir='ltr'><strong>visio</strong></span> <span class='ocrx_word' id='word_1_370' title='bbox 801 3583 901 3631; x_wconf 79' lang='lat' dir='ltr'><strong>sanctae</strong></span> <span class='ocrx_word' id='word_1_371' title='bbox 918 3578 967 3631; x_wconf 91' lang='lat' dir='ltr'><strong>Dei</strong></span> <span class='ocrx_word' id='word_1_372' title='bbox 979 3578 1124 3632; x_wconf 87' lang='lat' dir='ltr'><strong>Genitricis</strong></span> <span class='ocrx_word' id='word_1_373' title='bbox 1137 3581 1279 3650; x_wconf 87' lang='lat' dir='ltr'><strong>disparuit.</strong></span> <span class='ocrx_word' id='word_1_374' title='bbox 1291 3582 1333 3635; x_wconf 86' lang='lat' dir='ltr'><strong>llla</strong></span> <span class='ocrx_word' id='word_1_375' title='bbox 1344 3596 1396 3632; x_wconf 88' lang='lat' dir='ltr'><strong>vero</strong></span> 
     </span>
     <span class='ocr_line' id='line_1_34' title="bbox 189 3676 1096 3741; baseline 0.002 -12"><span class='ocrx_word' id='word_1_376' title='bbox 189 3676 270 3730; x_wconf 88' lang='lat' dir='ltr'><strong>iidem</strong></span> <span class='ocrx_word' id='word_1_377' title='bbox 281 3677 416 3730; x_wconf 87' lang='lat' dir='ltr'><strong>adhibens</strong></span> <span class='ocrx_word' id='word_1_378' title='bbox 428 3677 534 3741; x_wconf 87' lang='lat' dir='ltr'><strong>visioni,</strong></span> <span class='ocrx_word' id='word_1_379' title='bbox 547 3677 620 3731; x_wconf 92' lang='lat' dir='ltr'><strong>siluit</strong></span> <span class='ocrx_word' id='word_1_380' title='bbox 632 3682 660 3731; x_wconf 89' lang='lat' dir='ltr'><strong>et</strong></span> <span class='ocrx_word' id='word_1_381' title='bbox 670 3677 738 3731; x_wconf 92' lang='lat' dir='ltr'><strong>nulli</strong></span> <span class='ocrx_word' id='word_1_382' title='bbox 746 3694 806 3731; x_wconf 89' lang='lat' dir='ltr'><strong>eam</strong></span> <span class='ocrx_word' id='word_1_383' title='bbox 816 3677 992 3731; x_wconf 78' lang='lat' dir='ltr'><strong>manifestare</strong></span> <span class='ocrx_word' id='word_1_384' title='bbox 1001 3678 1096 3731; x_wconf 83' lang='lat' dir='ltr'><strong>voluit</strong></span> 
     </span>
     <span class='ocr_line' id='line_1_35' title="bbox 229 3773 1398 3846; baseline -0.002 -16"><span class='ocrx_word' id='word_1_385' title='bbox 229 3775 262 3830; x_wconf 84' lang='lat'><strong>4.</strong></span> <span class='ocrx_word' id='word_1_386' title='bbox 285 3775 434 3843; x_wconf 87' lang='lat' dir='ltr'><strong>Postquam</strong></span> <span class='ocrx_word' id='word_1_387' title='bbox 457 3790 522 3826; x_wconf 88' lang='lat' dir='ltr'><strong>vero</strong></span> <span class='ocrx_word' id='word_1_388' title='bbox 543 3773 577 3825; x_wconf 88' lang='lat' dir='ltr'><strong>ad</strong></span> <span class='ocrx_word' id='word_1_389' title='bbox 598 3790 685 3826; x_wconf 89' lang='lat' dir='ltr'><strong>annos</strong></span> <span class='ocrx_word' id='word_1_390' title='bbox 703 3774 854 3843; x_wconf 84' lang='lat' dir='ltr'><strong>pubertatis</strong></span> <span class='ocrx_word' id='word_1_391' title='bbox 871 3774 954 3839; x_wconf 85' lang='lat' dir='ltr'><strong>venit,</strong></span> <span class='ocrx_word' id='word_1_392' title='bbox 977 3774 1090 3842; x_wconf 89' lang='lat' dir='ltr'><strong>quidam</strong></span> <span class='ocrx_word' id='word_1_393' title='bbox 1110 3776 1222 3842; x_wconf 90' lang='lat' dir='ltr'><strong>juvenis</strong></span> <span class='ocrx_word' id='word_1_394' title='bbox 1242 3776 1299 3846; x_wconf 87' lang='lat' dir='ltr'><strong>ejus</strong></span> <span class='ocrx_word' id='word_1_395' title='bbox 1321 3791 1398 3830; x_wconf 81' lang='lat' dir='ltr'><strong>amore</strong></span> 
     </span>
     <span class='ocr_line' id='line_1_36' title="bbox 189 3869 1431 3942; baseline -0.001 -16"><span class='ocrx_word' id='word_1_396' title='bbox 189 3877 284 3942; x_wconf 90' lang='lat' dir='ltr'><strong>captus</strong></span> <span class='ocrx_word' id='word_1_397' title='bbox 296 3876 352 3934; x_wconf 92' lang='lat' dir='ltr'><strong>est;</strong></span> <span class='ocrx_word' id='word_1_398' title='bbox 366 3875 393 3924; x_wconf 89' lang='lat' dir='ltr'><strong>et</strong></span> <span class='ocrx_word' id='word_1_399' title='bbox 405 3870 459 3922; x_wconf 90' lang='lat' dir='ltr'><strong>vim</strong></span> <span class='ocrx_word' id='word_1_400' title='bbox 470 3869 573 3922; x_wconf 89' lang='lat' dir='ltr'><strong>amoris</strong></span> <span class='ocrx_word' id='word_1_401' title='bbox 582 3885 637 3922; x_wconf 91' lang='lat' dir='ltr'><strong>non</strong></span> <span class='ocrx_word' id='word_1_402' title='bbox 647 3871 788 3936; x_wconf 78' lang='lat' dir='ltr'><strong>sufferens,</strong></span> <span class='ocrx_word' id='word_1_403' title='bbox 797 3871 937 3938; x_wconf 89' lang='lat' dir='ltr'><strong>quomodo</strong></span> <span class='ocrx_word' id='word_1_404' title='bbox 948 3887 1008 3923; x_wconf 87' lang='lat' dir='ltr'><strong>eam</strong></span> <span class='ocrx_word' id='word_1_405' title='bbox 1019 3870 1071 3925; x_wconf 87' lang='lat' dir='ltr'><strong>sibi</strong></span> <span class='ocrx_word' id='word_1_406' title='bbox 1081 3872 1109 3924; x_wconf 92' lang='lat' dir='ltr'><strong>in</strong></span> <span class='ocrx_word' id='word_1_407' title='bbox 1119 3873 1323 3927; x_wconf 87' lang='lat' dir='ltr'><strong>matrimonium</strong></span> <span class='ocrx_word' id='word_1_408' title='bbox 1332 3887 1399 3941; x_wconf 87' lang='lat' dir='ltr'><strong>copu-</strong></span> <span class='ocrx_word' id='word_1_409' title='bbox 1411 3876 1431 3925; x_wconf 83' lang='lat' dir='ltr'><strong>a</strong></span> 
     </span>
     <span class='ocr_line' id='line_1_37' title="bbox 189 3967 1400 4039; baseline -0.005 -14"><span class='ocrx_word' id='word_1_410' title='bbox 189 3971 246 4024; x_wconf 90' lang='lat' dir='ltr'><strong>lare</strong></span> <span class='ocrx_word' id='word_1_411' title='bbox 257 3975 350 4039; x_wconf 91' lang='lat' dir='ltr'><strong>posset</strong></span> <span class='ocrx_word' id='word_1_412' title='bbox 359 3968 515 4022; x_wconf 87' lang='lat' dir='ltr'><strong>anhelabat.</strong></span> <span class='ocrx_word' id='word_1_413' title='bbox 524 3967 619 4036; x_wconf 88' lang='lat' dir='ltr'><strong>ltaque</strong></span> <span class='ocrx_word' id='word_1_414' title='bbox 629 3968 697 4036; x_wconf 87' lang='lat' dir='ltr'><strong>patri</strong></span> <span class='ocrx_word' id='word_1_415' title='bbox 708 3973 735 4021; x_wconf 91' lang='lat' dir='ltr'><strong>et</strong></span> <span class='ocrx_word' id='word_1_416' title='bbox 747 3969 827 4021; x_wconf 89' lang='lat' dir='ltr'><strong>matri</strong></span> <span class='ocrx_word' id='word_1_417' title='bbox 836 3968 933 4037; x_wconf 71' lang='lat' dir='ltr'><strong>puellae</strong></span> <span class='ocrx_word' id='word_1_418' title='bbox 943 3984 1043 4022; x_wconf 87' lang='lat' dir='ltr'><strong>arcana</strong></span> <span class='ocrx_word' id='word_1_419' title='bbox 1052 3969 1182 4024; x_wconf 89' lang='lat' dir='ltr'><strong>desiderii</strong></span> <span class='ocrx_word' id='word_1_420' title='bbox 1192 3970 1234 4024; x_wconf 90' lang='lat' dir='ltr'><strong>sui</strong></span> <span class='ocrx_word' id='word_1_421' title='bbox 1245 3973 1400 4025; x_wconf 76' lang='lat' dir='ltr'><strong>reseratetut</strong></span> 
     </span>
     <span class='ocr_line' id='line_1_38' title="bbox 190 4066 1402 4140; baseline -0.004 -16"><span class='ocrx_word' id='word_1_422' title='bbox 190 4087 240 4124; x_wconf 88' lang='lat' dir='ltr'><strong>suo</strong></span> <span class='ocrx_word' id='word_1_423' title='bbox 257 4069 436 4123; x_wconf 87' lang='lat' dir='ltr'><strong>matrimonio</strong></span> <span class='ocrx_word' id='word_1_424' title='bbox 453 4066 544 4136; x_wconf 88' lang='lat' dir='ltr'><strong>puella</strong></span> <span class='ocrx_word' id='word_1_425' title='bbox 559 4067 689 4135; x_wconf 89' lang='lat' dir='ltr'><strong>jungatur</strong></span> <span class='ocrx_word' id='word_1_426' title='bbox 705 4067 868 4136; x_wconf 84' lang='lat' dir='ltr'><strong>expostulat</strong></span> <span class='ocrx_word' id='word_1_427' title='bbox 886 4068 927 4122; x_wconf 88' lang='lat' dir='ltr'><strong>illi</strong></span> <span class='ocrx_word' id='word_1_428' title='bbox 951 4084 1016 4121; x_wconf 91' lang='lat' dir='ltr'><strong>vero</strong></span> <span class='ocrx_word' id='word_1_429' title='bbox 1034 4067 1107 4122; x_wconf 89' lang='lat' dir='ltr'><strong>illius</strong></span> <span class='ocrx_word' id='word_1_430' title='bbox 1126 4069 1242 4124; x_wconf 85' lang='lat' dir='ltr'><strong>visionis</strong></span> <span class='ocrx_word' id='word_1_431' title='bbox 1262 4086 1339 4140; x_wconf 87' lang='lat' dir='ltr'><strong>quarn</strong></span> <span class='ocrx_word' id='word_1_432' title='bbox 1357 4068 1402 4121; x_wconf 85' lang='lat' dir='ltr'><strong>lilia</strong></span> 
     </span>
     <span class='ocr_line' id='line_1_39' title="bbox 190 4165 1401 4235; baseline 0 -13"><span class='ocrx_word' id='word_1_433' title='bbox 190 4186 285 4222; x_wconf 89' lang='lat' dir='ltr'><strong>eorum</strong></span> <span class='ocrx_word' id='word_1_434' title='bbox 295 4168 400 4221; x_wconf 88' lang='lat' dir='ltr'><strong>viderat</strong></span> <span class='ocrx_word' id='word_1_435' title='bbox 409 4168 423 4197; x_wconf 74' lang='grc'><strong><em>*</em></strong></span> <span class='ocrx_word' id='word_1_436' title='bbox 432 4166 526 4235; x_wconf 86' lang='lat' dir='ltr'><strong>ignari,</strong></span> <span class='ocrx_word' id='word_1_437' title='bbox 536 4165 671 4219; x_wconf 86' lang='lat' dir='ltr'><strong>voluntati</strong></span> <span class='ocrx_word' id='word_1_438' title='bbox 680 4167 789 4234; x_wconf 90' lang='lat' dir='ltr'><strong>juvenis</strong></span> <span class='ocrx_word' id='word_1_439' title='bbox 804 4182 898 4220; x_wconf 89' lang='lat' dir='ltr'><strong>aurem</strong></span> <span class='ocrx_word' id='word_1_440' title='bbox 915 4167 1166 4232; x_wconf 83' lang='lat' dir='ltr'><strong>accommodantes,</strong></span> <span class='ocrx_word' id='word_1_441' title='bbox 1178 4169 1264 4223; x_wconf 87' lang='lat' dir='ltr'><strong>tiliam</strong></span> <span class='ocrx_word' id='word_1_442' title='bbox 1276 4170 1401 4230; x_wconf 81' lang='lat' dir='ltr'><strong>advocant</strong></span> 
     </span>
     <span class='ocr_line' id='line_1_40' title="bbox 126 4264 1402 4336; baseline -0.003 -15"><span class='ocrx_word' id='word_1_443' title='bbox 126 4272 131 4282; x_wconf 92' lang='grc'><em>“</em></span> <span class='ocrx_word' id='word_1_444' title='bbox 190 4266 348 4336; x_wconf 91' lang='lat' dir='ltr'><strong>petitionem</strong></span> <span class='ocrx_word' id='word_1_445' title='bbox 359 4264 469 4333; x_wconf 77' lang='lat' dir='ltr'><strong>juvenis</strong></span> <span class='ocrx_word' id='word_1_446' title='bbox 480 4265 619 4318; x_wconf 89' lang='lat' dir='ltr'><strong>insinuant</strong></span> <span class='ocrx_word' id='word_1_447' title='bbox 637 4267 663 4318; x_wconf 87' lang='lat' dir='ltr'><strong>et</strong></span> <span class='ocrx_word' id='word_1_448' title='bbox 680 4270 711 4318; x_wconf 92' lang='lat' dir='ltr'><strong>ut</strong></span> <span class='ocrx_word' id='word_1_449' title='bbox 722 4265 780 4333; x_wconf 88' lang='lat' dir='ltr'><strong>ejus</strong></span> <span class='ocrx_word' id='word_1_450' title='bbox 798 4265 900 4335; x_wconf 90' lang='lat' dir='ltr'><strong>nuptiis</strong></span> <span class='ocrx_word' id='word_1_451' title='bbox 917 4281 1058 4319; x_wconf 89' lang='lat' dir='ltr'><strong>assensum</strong></span> <span class='ocrx_word' id='word_1_452' title='bbox 1077 4267 1200 4335; x_wconf 74' lang='lat' dir='ltr'><strong>praebeat</strong></span> <span class='ocrx_word' id='word_1_453' title='bbox 1217 4267 1360 4322; x_wconf 86' lang='lat' dir='ltr'><strong>elaborant</strong></span> <span class='ocrx_word' id='word_1_454' title='bbox 1373 4265 1402 4318; x_wconf 80' lang='lat' dir='ltr'><strong>lt</strong></span> 
     </span>
     <span class='ocr_line' id='line_1_41' title="bbox 190 4363 1431 4432; baseline 0.001 -13"><span class='ocrx_word' id='word_1_455' title='bbox 190 4365 244 4432; x_wconf 86' lang='lat' dir='ltr'><strong>itta,</strong></span> <span class='ocrx_word' id='word_1_456' title='bbox 252 4382 309 4418; x_wconf 85' lang='lat' dir='ltr'><strong>suae</strong></span> <span class='ocrx_word' id='word_1_457' title='bbox 321 4364 434 4418; x_wconf 88' lang='lat' dir='ltr'><strong>visionis</strong></span> <span class='ocrx_word' id='word_1_458' title='bbox 443 4369 470 4417; x_wconf 89' lang='lat' dir='ltr'><strong>et</strong></span> <span class='ocrx_word' id='word_1_459' title='bbox 482 4364 569 4417; x_wconf 79' lang='lat' dir='ltr'><strong>beutae</strong></span> <span class='ocrx_word' id='word_1_460' title='bbox 581 4363 693 4432; x_wconf 88' lang='lat' dir='ltr'><strong>virginis</strong></span> <span class='ocrx_word' id='word_1_461' title='bbox 701 4363 792 4416; x_wconf 79' lang='lat' dir='ltr'><strong>Mariae</strong></span> <span class='ocrx_word' id='word_1_462' title='bbox 799 4363 929 4432; x_wconf 87' lang='lat' dir='ltr'><strong>jussionis</strong></span> <span class='ocrx_word' id='word_1_463' title='bbox 941 4381 997 4417; x_wconf 88' lang='lat' dir='ltr'><strong>non</strong></span> <span class='ocrx_word' id='word_1_464' title='bbox 1006 4365 1162 4429; x_wconf 86' lang='lat' dir='ltr'><strong>immemor,</strong></span> <span class='ocrx_word' id='word_1_465' title='bbox 1174 4366 1287 4420; x_wconf 91' lang='lat' dir='ltr'><strong>visionis</strong></span> <span class='ocrx_word' id='word_1_466' title='bbox 1295 4367 1403 4421; x_wconf 86' lang='lat' dir='ltr'><strong>ordinem</strong></span> <span class='ocrx_word' id='word_1_467' title='bbox 1415 4368 1431 4420; x_wconf 85' lang='lat' dir='ltr'><strong>it</strong></span> 
     </span>
     <span class='ocr_line' id='line_1_42' title="bbox 189 4462 1404 4533; baseline 0 -16"><span class='ocrx_word' id='word_1_468' title='bbox 189 4464 297 4533; x_wconf 85' lang='lat' dir='ltr'><strong>utrique</strong></span> <span class='ocrx_word' id='word_1_469' title='bbox 315 4464 419 4531; x_wconf 86' lang='lat' dir='ltr'><strong>parenti</strong></span> <span class='ocrx_word' id='word_1_470' title='bbox 437 4467 540 4515; x_wconf 86' lang='lat' dir='ltr'><strong>reserat</strong></span> <span class='ocrx_word' id='word_1_471' title='bbox 557 4468 584 4515; x_wconf 89' lang='lat' dir='ltr'><strong>et</strong></span> <span class='ocrx_word' id='word_1_472' title='bbox 607 4479 636 4514; x_wconf 92' lang='lat' dir='ltr'><strong>se</strong></span> <span class='ocrx_word' id='word_1_473' title='bbox 658 4462 771 4516; x_wconf 91' lang='lat' dir='ltr'><strong>omuino</strong></span> <span class='ocrx_word' id='word_1_474' title='bbox 783 4479 833 4516; x_wconf 90' lang='lat' dir='ltr'><strong>uec</strong></span> <span class='ocrx_word' id='word_1_475' title='bbox 852 4463 921 4516; x_wconf 89' lang='lat' dir='ltr'><strong>velte</strong></span> <span class='ocrx_word' id='word_1_476' title='bbox 939 4479 989 4516; x_wconf 87' lang='lat' dir='ltr'><strong>neo</strong></span> <span class='ocrx_word' id='word_1_477' title='bbox 1008 4479 1089 4532; x_wconf 92' lang='lat' dir='ltr'><strong>posse</strong></span> <span class='ocrx_word' id='word_1_478' title='bbox 1110 4464 1265 4518; x_wconf 75' lang='lat' dir='ltr'><strong>confirmat„</strong></span> <span class='ocrx_word' id='word_1_479' title='bbox 1285 4465 1357 4519; x_wconf 87' lang='lat' dir='ltr'><strong>Tunc</strong></span> <span class='ocrx_word' id='word_1_480' title='bbox 1373 4462 1404 4517; x_wconf 90' lang='lat' dir='ltr'><strong>illi</strong></span> 
     </span>
     <span class='ocr_line' id='line_1_43' title="bbox 189 4561 1405 4634; baseline 0.002 -20"><span class='ocrx_word' id='word_1_481' title='bbox 189 4563 321 4616; x_wconf 90' lang='lat' dir='ltr'><strong>adversus</strong></span> <span class='ocrx_word' id='word_1_482' title='bbox 330 4561 449 4630; x_wconf 86' lang='lat' dir='ltr'><strong>puellam</strong></span> <span class='ocrx_word' id='word_1_483' title='bbox 460 4561 633 4630; x_wconf 76' lang='lat' dir='ltr'><strong>indignantes</strong></span> <span class='ocrx_word' id='word_1_484' title='bbox 645 4568 672 4615; x_wconf 90' lang='lat' dir='ltr'><strong>et</strong></span> <span class='ocrx_word' id='word_1_485' title='bbox 682 4561 786 4615; x_wconf 88' lang='lat' dir='ltr'><strong>nullam</strong></span> <span class='ocrx_word' id='word_1_486' title='bbox 796 4561 893 4616; x_wconf 85' lang='lat' dir='ltr'><strong>visioni</strong></span> <span class='ocrx_word' id='word_1_487' title='bbox 906 4562 1087 4616; x_wconf 90' lang='lat' dir='ltr'><strong>reverentiam</strong></span> <span class='ocrx_word' id='word_1_488' title='bbox 1101 4563 1276 4629; x_wconf 81' lang='lat' dir='ltr'><strong>exhibentes,</strong></span> <span class='ocrx_word' id='word_1_489' title='bbox 1286 4568 1405 4634; x_wconf 84' lang='lat' dir='ltr'><strong>potestate</strong></span> 
     </span>
     <span class='ocr_line' id='line_1_44' title="bbox 188 4660 1407 4731; baseline -0.002 -16"><span class='ocrx_word' id='word_1_490' title='bbox 188 4678 243 4730; x_wconf 87' lang='lat' dir='ltr'><strong>qua</strong></span> <span class='ocrx_word' id='word_1_491' title='bbox 255 4665 381 4731; x_wconf 89' lang='lat' dir='ltr'><strong>parentes</strong></span> <span class='ocrx_word' id='word_1_492' title='bbox 393 4660 501 4715; x_wconf 82' lang='lat' dir='ltr'><strong>filiabus</strong></span> <span class='ocrx_word' id='word_1_493' title='bbox 513 4666 634 4730; x_wconf 73' lang='lat' dir='ltr'><strong>praesunt</strong></span> <span class='ocrx_word' id='word_1_494' title='bbox 645 4665 762 4726; x_wconf 85' lang='lat' dir='ltr'><strong>utentes,</strong></span> <span class='ocrx_word' id='word_1_495' title='bbox 781 4660 808 4714; x_wconf 91' lang='lat' dir='ltr'><strong>in</strong></span> <span class='ocrx_word' id='word_1_496' title='bbox 820 4660 905 4715; x_wconf 86' lang='lat' dir='ltr'><strong>liliam</strong></span> <span class='ocrx_word' id='word_1_497' title='bbox 918 4661 1061 4730; x_wconf 82' lang='lat' dir='ltr'><strong>insurgrmt</strong></span> <span class='ocrx_word' id='word_1_498' title='bbox 1072 4664 1101 4717; x_wconf 88' lang='lat' dir='ltr'><strong>et</strong></span> <span class='ocrx_word' id='word_1_499' title='bbox 1113 4678 1185 4728; x_wconf 87' lang='lat' dir='ltr'><strong>eam,</strong></span> <span class='ocrx_word' id='word_1_500' title='bbox 1194 4663 1262 4717; x_wconf 88' lang='lat' dir='ltr'><strong>velit</strong></span> <span class='ocrx_word' id='word_1_501' title='bbox 1274 4663 1346 4729; x_wconf 83' lang='lat' dir='ltr'><strong>nolit,</strong></span> <span class='ocrx_word' id='word_1_502' title='bbox 1354 4661 1407 4717; x_wconf 87' lang='lat' dir='ltr'><strong>licet</strong></span> 
     </span>
    </p>
   </div>
   <div class='ocr_carea' id='block_1_3' title="bbox 0 0 1576 5392">
    <p class='ocr_par' dir='ltr' id='par_1_3' title="bbox 0 0 1576 5392">
     <span class='ocr_line' id='line_1_45' title="bbox 0 0 1576 5392; baseline 0 0"><span class='ocrx_word' id='word_1_503' title='bbox 0 0 1576 5392; x_wconf 95' lang='lat' dir='ltr'><strong> </strong></span> 
     </span>
    </p>
   </div>
  </div>
 </body>
</html>
