3142 5392
233 320 308 395 284
569 339 694 392 cirri.
721 338 825 391 cono.
851 336 1131 390 moroonrrmc.

337 526 398 602 140
421 526 551 601 Passio
569 526 606 600 S.
623 525 769 619 Georgii
786 524 960 618 martyris
976 525 1057 618 (iol.
1079 527 1271 618 ror-root.

268 667 333 721 ilaec
353 667 448 720 Passio
465 665 655 734 utplurimum
673 663 802 718 convenit
812 680 876 719 oum
893 679 928 718 oa
944 664 978 718 de
989 680 1047 733 qua
1058 669 1152 720 actum
1168 666 1351 737 estsuproptl

236 765 289 821 Ubi
297 770 364 821 nota
375 783 400 836 p.
408 766 466 829 9116,
474 764 522 819 lin.
532 765 557 827 3,
568 780 618 834 pro
629 766 711 818 editio
723 765 918 818 Mombritiono
928 764 1236 833 legendummedteto
1244 767 1351 821 cotim

484 1351 608 1439 XXV.
635 1350 757 1438 Godox
781 1355 966 1462 signatus
989 1369 1034 1437 ιι0
1060 1352 1232 1442 846-57.

271 1602 411 1657 Foliorum
438 1603 501 1665 ⁰224,
529 1607 626 1672 praeter
653 1603 705 1657 tria
733 1602 851 1658 insiticia
878 1603 908 1658 in
935 1604 1024 1673 eapite
1052 1604 1177 1670 codicis,
1209 1605 1310 1660 iormae
1338 1624 1352 1660 n

239 1703 294 1768 (θ’,
303 1703 336 1756 29
347 1710 372 1759 >(
383 1704 477 1768 0315),
490 1701 625 1755 columnis
637 1701 717 1767 binis,
730 1707 859 1756 exaratus
872 1703 965 1758 seculo
974 1702 1029 1757 XV.
1041 1703 1074 1756 In
1086 1704 1175 1758 tertio
1185 1704 1259 1759 folio
1269 1706 1352 1760 insiti‹

240 1802 286 1856 ubi
296 1801 447 1870 adscriptus
456 1806 497 1855 est
506 1801 587 1856 index
602 1801 712 1865 codicis,
721 1800 819 1870 legitur
835 1801 893 1855 haec
908 1806 974 1856 nota
989 1818 1089 1856 manus
1101 1803 1193 1859 seculi
1210 1804 1310 1859 XVII:
1323 1807 1352 1859 Bi

241 1901 337 1956 Buten
353 1901 447 1954 Vallia.

274 1999 367 2054 Codex
378 1998 500 2054 continet
518 1997 649 2068 opuscula
662 1998 788 2066 quodam
805 2003 834 2052 ot
848 2014 990 2054 sermones
1001 2001 1026 2053 S.
1036 2001 1200 2070 Augustini.
1212 2003 1322 2072 quibus
1334 2004 1352 2057 ir

340 2205 426 2280 Vita
442 2206 495 2279 S¹²
511 2205 666 2279 Monioae
684 2205 805 2279 viduae
819 2227 865 2279 ex
877 2204 979 2279 libris
996 2204 1305 2283 Confessionum
1320 2211 1353 2284 S.

391 2329 480 2404 stini
497 2328 657 2422 episcopi
672 2329 750 2422 (iol.
769 2330 980 2423 1701-175').

277 2467 342 2521 Haec
350 2466 420 2535 Vita,
429 2483 446 2520 a
454 2466 595 2520 Walthero
605 2466 726 2531 collecta,
733 2466 806 2521 edita
816 2471 858 2521 est
866 2468 894 2522 in
903 2469 961 2521 Act.
970 2468 1025 2531 SS.,
1033 2468 1068 2521 ad
1078 2467 1104 2521 d.
1112 2469 1132 2522 4
1141 2468 1220 2533 Maii,
1231 2471 1353 2540 tom.l,1

245 2567 298 2621 Sed
313 2567 342 2621 in
354 2566 414 2621 cod.
429 2565 557 2635 prologus
570 2582 602 2619 ac
618 2581 722 2619 numm.
736 2568 774 2629 1⁹2,
788 2567 828 2630 25,
839 2566 880 2630 VS,
891 2566 924 2620 99
934 2583 1018 2620 omm.

470 3148 613 3236 XXVI.
641 3149 761 3235 Godox
787 3147 969 3256 signatus
995 3165 1040 3232 n⁰
1067 3145 1271 3240 1079-84.

283 3404 425 3459 Manlioste
442 3408 549 3458 constat
565 3402 673 3456 duobus
689 3400 830 3455 codicibus
847 3399 973 3468 primitus
990 3399 1120 3464 diversis,
1139 3400 1207 3454 dein
1228 3402 1319 3458 simul
1336 3421 1352 3458 c

251 3520 368 3573 quorum
380 3503 514 3572 posterior
526 3502 585 3555 sola
593 3500 675 3554 Gesta
687 3498 812 3553 Barloarn
823 3504 850 3553 et
858 3498 990 3567 iosaphat
998 3497 1199 3567 complectitur.
1215 3499 1300 3555 Nunc
1308 3508 1352 3556 est

251 3604 364 3657 omnino
382 3603 431 3655 205
447 3603 519 3670 (quae
537 3599 658 3654 numeris
675 3602 770 3653 notata
781 3614 837 3651 non
855 3600 938 3661 sunt),
955 3597 1050 3650 sormae
1067 3596 1220 3651 mediocris
1240 3600 1299 3667 (0¹,
1317 3602 1354 3655 99

251 3699 386 3754 columnis
399 3698 477 3761 binis,
489 3696 568 3750 lineis
579 3696 650 3764 stylo
659 3694 788 3764 plumbeo
798 3694 894 3759 ductis,
903 3693 1017 3748 diversis
1026 3694 1156 3749 manitus
1168 3703 1306 3752 exaratus
1318 3715 1354 3752 so

251 3798 335 3853 Tituli
347 3797 385 3862 (in
396 3797 480 3867 priori
498 3801 583 3865 parto,
600 3811 664 3847 narn
681 3794 710 3848 in
718 3793 862 3862 posteriori
878 3792 947 3846 nulli
964 3793 1077 3846 omnino
1089 3793 1216 3864 inseripti
1230 3798 1310 3863 sunt)
1323 3815 1353 3851 m

251 3897 333 3967 gnoti,
351 3897 470 3965 itemquo
484 3895 581 3949 litterae
592 3892 710 3946 initiales
721 3891 890 3961 singulorum
901 3891 1035 3960 capitum:
1046 3907 1165 3959 quarum
1178 3895 1328 3949 nonnullae
1339 3914 1354 3949 a

252 3996 343 4050 sobrie
355 3999 458 4049 ornatoe
470 3999 540 4057 sunt,
553 3998 615 4055 troo,
627 3992 725 4046 ceteris
736 3991 855 4059 majores
874 3989 931 4058 (iol
942 3991 975 4056 1¹,
986 3991 1013 4043 2¹
1025 3995 1052 4044 et
1065 3989 1143 4055 titt),
1160 3992 1249 4061 paulo
1262 3995 1355 4064 olegar

253 4101 368 4165 utraque
377 4094 450 4163 prior
458 4092 617 4161 imperfecta
629 4090 723 4144 relicta
734 4094 783 4150 est,
793 4089 931 4143 coloribus
942 4087 1046 4143 scilicet
1055 4104 1111 4142 non
1121 4088 1275 4157 adjunctis.

285 4194 328 4249 Ad
348 4193 449 4247 oolcem
470 4190 558 4245 ultimi
575 4189 634 4244 folii
653 4205 738 4242 manu
755 4186 858 4241 librarii
875 4186 923 4256 qui
941 4185 1066 4240 ultimam
1084 4185 1190 4240 codicis
1206 4194 1322 4255 partem
1343 4191 1355 4245 ε’

252 4293 377 4363 apposita
393 4297 434 4346 est
451 4291 510 4344 hoeo
527 4294 593 4344 noto
612 4308 618 4342 :
639 4291 720 4342 Anno
737 4288 848 4341 Domini
870 4294 909 4338 ιιιο
929 4293 969 4339 co⁰
985 4287 1007 4337 1⁰
1023 4286 1117 4352 quinto
1133 4286 1260 4354 ocrr'pm
1278 4298 1318 4344 cot
1336 4293 1355 4345 li

252 4396 326 4447 loom
343 4400 367 4447 et
382 4392 515 4459 Jooaphot
533 4407 550 4443 a
565 4391 655 4456 fratre
672 4388 806 4440 Amelrioo
829 4387 957 4438 canonico
974 4387 1003 4436 in
1081 4390 1105 4437 et
1126 4386 1249 4453 plebano
1334 4391 1355 4453 (r

253 4493 306 4547 loci
317 4507 419 4547 nomen
432 4506 540 4545 erasum
552 4492 611 4553 esti.
628 4488 660 4541 st
671 4489 733 4556 quio
749 4487 898 4551 abstulerit,
911 4485 1054 4537 anatliema
1070 4485 1115 4536 oit.
1130 4484 1230 4539 Amen.
1242 4486 1279 4541 Et
1291 4489 1321 4542 in
1334 4507 1355 4543 α

253 4590 342 4662 primi,
355 4606 441 4645 manu
451 4588 536 4643 seculi
550 4587 609 4642 XVI
623 4607 629 4642 :
644 4588 694 4640 Est
711 4586 830 4639 liberhic
840 4584 933 4638 Sancti
942 4584 1059 4637 Martini
1070 4582 1259 4640 Looonienoio
1271 4605 1307 4641 α
1317 4607 1355 4657 po

254 4692 306 4743 otri
323 4689 424 4743 Koroli
437 4688 536 4740 Virulr'.
