3142 5392
155 355 250 407 man.
269 354 351 407 aaa.
372 356 545 409 aauxnnn.
564 377 611 386 —
629 356 778 409 urrann.
796 358 843 409 un
861 357 941 409 con.
960 353 998 410 n⁰
1014 358 1137 413 nasa-ac.
1193 339 1262 413 501

32 544 91 597 ‘ad
104 544 247 600 ecclesiam
268 552 381 616 propter
397 563 491 614 rogam
508 562 572 599 cnm
590 545 699 608 rotella;
713 545 777 599 inde
793 545 863 599 mihi
880 552 936 601 tam
954 548 1070 602 vestitus
1087 547 1267 616 proveniebat

34 643 144 712 ‘quam
165 646 263 699 victus.
289 646 341 700 Sed
360 662 424 699 cum
452 650 560 713 tempus
581 649 664 698 tantae
681 644 766 697 cladis
791 645 970 699 terminanda
995 648 1199 715 propinquaret,
1216 645 1266 701 Dei

35 742 209 797 ⁸clementia
226 744 296 799 meis
313 744 500 813 compatiente
519 743 648 807 lacrimis,
666 742 707 796 vir
727 743 861 798 candidus
878 744 947 798 mihi
964 749 1047 799 noctu
1064 745 1116 799 snb
1134 749 1267 813 praetextu

35 842 46 865 ⁸
59 842 200 909 pontificis
211 845 338 913 apparuit
350 845 506 908 dormienti,
519 844 633 897 adorsus
646 842 685 896 ita
697 842 824 912 proloqui
844 862 850 896 :
873 845 927 909 Qui
943 846 1070 898 hactenus
1080 847 1170 911 fueris
1187 846 1268 898 imbe-

10 969 16 994 .
33 940 45 964 ⁸
57 943 125 1007 celii,
136 950 191 996 esto
203 947 351 998 cunctantia
360 946 448 997 animi
458 963 468 996 .-
480 944 618 996 auxilium
630 960 745 1010 nomque
756 943 809 997 Dei
818 946 943 1010 proxime
959 945 1060 997 videbis
1072 962 1155 1013 anper
1170 953 1202 998 te.
1214 946 1268 998 Nec

35 1040 46 1063 ⁸
59 1044 194 1094 terrearis
210 1050 320 1110 stupore
332 1045 446 1096 insolita
457 1044 579 1104 visionis,
591 1058 723 1094 evasurus
735 1043 767 1094 de
777 1042 890 1108 probato
899 1044 1008 1096 sabbato
1017 1046 1141 1097 instante.
1154 1044 1216 1097 Non
1222 1045 1267 1110 {iet

35 1138 47 1163 ⁸
59 1146 120 1206 post
127 1141 237 1206 bugum
247 1143 294 1195 aed
302 1144 402 1195 iterum
410 1159 510 1196 cernor
521 1159 538 1194 a
549 1149 590 1206 te,·
600 1143 640 1194 eie
654 1143 764 1193 interim
779 1141 848 1194 bona
863 1149 946 1195 mente
955 1149 1098 1210 occupatus
1106 1160 1183 1205 prece
1192 1145 1266 1210 jugi.

37 1238 48 1262 ⁸
61 1237 111 1291 llis
119 1238 213 1304 finitis,
225 1239 270 1294 ille
281 1257 360 1294 meus
370 1241 521 1295 collocutor
529 1244 571 1294 est
581 1239 692 1308 elapsus
700 1255 734 1293 ex
743 1255 869 1293 meorum
882 1240 1024 1294 obtutibus
1033 1240 1184 1295 oculorum.

74 1335 110 1394 3.
135 1336 147 1361 ⁸
163 1336 291 1391 Recurrit
302 1337 457 1391 natalitium
471 1353 582 1390 roseum
591 1336 663 1389 Petri
673 1341 701 1390 et
709 1335 795 1399 Pauli,
804 1337 833 1389 in
845 1338 923 1404 quns
935 1337 1023 1390 noctis
1032 1338 1123 1392 medio
1132 1355 1162 1392 se
1174 1338 1265 1393 denno

10 1442 24 1491 i
40 1436 51 1461 ⁸
63 1435 252 1490 contuendum
265 1434 334 1488 mihi
346 1434 430 1488 relert
439 1434 480 1487 vir
491 1433 645 1502 pradictus.
653 1434 731 1487 Hanc
742 1440 852 1487 noctem
863 1433 1023 1502 septimanae
1035 1434 1103 1488 feria
1111 1434 1192 1489 tertia
1200 1437 1265 1490 sub·

38 1534 49 1559 ⁸
61 1535 237 1603 sequebatur,
248 1538 276 1586 et
287 1532 413 1601 proxima
421 1531 560 1585 dominica
572 1531 732 1584 solemnitas
744 1530 915 1595 celebranda,
922 1547 976 1599 qua
985 1531 1075 1585 luerat
1086 1533 1130 1586 vel
1141 1538 1265 1589 sacratus

40 1634 49 1658 ⁸
61 1634 88 1687 in
99 1632 248 1702 praesulem
261 1631 304 1685 vel
316 1630 465 1684 translatus
477 1647 494 1683 a
511 1630 617 1699 pristini
627 1629 726 1683 tumuli
738 1631 799 1684 loco
814 1630 947 1684 Martinus
957 1631 1152 1685 sanctissimus.
1164 1633 1265 1688 AEditui

40 1731 50 1756 ⁸
60 1731 182 1785 basilicae
193 1731 253 1798 jarn
261 1744 397 1798 coeperam
408 1728 534 1782 habitare
545 1729 668 1793 domum,
680 1728 747 1782 satis
759 1729 847 1783 eidem
860 1729 1017 1798 contiguam
1029 1730 1156 1784 basilica.
1168 1732 1264 1801 Huius,

41 1830 87 1882 ⁸id
98 1835 141 1884 est
152 1828 254 1893 aditui,
269 1828 391 1896 legitima
408 1844 521 1881 consors
538 1827 620 1893 thori,
632 1829 772 1882 moriturae
784 1828 932 1891 simillima,
943 1829 1095 1897 rigescebat
1112 1830 1264 1900 desperata

12 1933 28 1981 a
41 1929 50 1952 ⁸
62 1930 130 1983 Cum
140 1928 263 1982 secundo
273 1927 425 1981 videndum
435 1943 464 1980 se
474 1925 696 1994 [obltulissetille
705 1926 746 1980 vir
755 1927 852 1990 clarus,
859 1927 905 1996 pio
914 1927 992 1981 vultu
1001 1928 1052 1982 ait:
1061 1930 1115 1983 Tui
1123 1934 1264 1985 venialem·

40 2026 49 2050 ⁸
58 2044 111 2096 pue
120 2027 277 2089 miserendi,
286 2027 408 2091 cocejum
419 2025 563 2077 conaberis
571 2027 601 2076 iu
611 2027 718 2077 nonvine
728 2026 888 2078 Saloutaria.
896 2023 958 2077 llox
968 2029 1098 2093 protensa
1106 2043 1190 2081 manu
1198 2027 1264 2097 ligu-

40 2123 48 2148 ¹
61 2130 119 2179 rato
129 2128 232 2178 sanctae
241 2124 330 2178 crucis
342 2123 427 2192 signo,
440 2139 502 2176 crus
514 2127 688 2176 contractum
698 2123 880 2191 apprehendit
895 2127 922 2176 et
934 2124 1021 2177 tendit
1035 2125 1105 2178 sicut
1120 2142 1183 2179 cum
1198 2143 1264 2195 qua-

38 2223 48 2248 ⁸
60 2225 123 2277 dam
136 2223 172 2277 vi.
185 2222 252 2290 Quis
265 2222 347 2276 talem
361 2223 516 2291 operarium
527 2221 716 2275 difficultatem
729 2238 889 2291 perpessum
901 2239 961 2276 esse
972 2224 1066 2292 putet?
1078 2224 1121 2277 Nil
1133 2224 1264 2294 impedit:

36 2324 47 2346 ⁸
61 2339 122 2377 crus
135 2322 216 2375 alteri
228 2338 277 2391 par
286 2321 403 2375 efficitur
420 2337 483 2374 cum
495 2321 627 2374 refluente
635 2319 768 2388 sanguine
779 2325 808 2374 et
818 2321 939 2374 resoluto
951 2321 1062 2391 poplite,
1073 2340 1149 2376 venae
1161 2324 1265 2378 micant

60 2427 88 2475 et
106 2421 177 2475 aridi
194 2422 270 2490 prius
287 2419 364 2474 nervi
375 2420 583 2483 humectantur;
601 2435 652 2472 nec
664 2419 767 2472 omittit
783 2424 811 2472 et
827 2435 956 2473 recurvos
973 2421 1050 2489 pedis
1068 2421 1153 2490 ipsius
1164 2423 1264 2492 digitos

34 2518 47 2543 ⁸
62 2535 126 2573 cnm
136 2523 256 2572 tractatu
264 2534 363 2571 manus
373 2517 471 2570 blande
483 2517 599 2585 dirigere
616 2515 772 2585 singulatim
782 2517 804 2569 ⁸.
817 2515 943 2583 Quicum
956 2519 1120 2572 correxisset
1131 2520 1264 2589 quidquid

34 2617 47 2642 ⁸
64 2620 195 2672 morbum
209 2618 374 2685 depravasse
385 2621 473 2679 norat,
491 2632 536 2669 me
548 2615 618 2669 bene
630 2617 724 2669 vivere
735 2615 822 2669 suasit
834 2621 862 2669 et
873 2633 953 2685 agere
964 2622 1061 2686 grates,
1079 2623 1107 2671 et
1123 2619 1264 2689 adjungit:

36 2717 48 2741 ⁸
63 2717 125 2770 Non
134 2725 172 2771 est
184 2718 282 2770 bonum
297 2724 321 2769 te
332 2723 459 2769 oneratum
469 2731 523 2768 esee
531 2717 625 2768 solum.
637 2716 857 2782 Quandoquidem
868 2723 892 2768 et
902 2717 946 2769 laic
959 2718 1065 2784 hospita
1074 2726 1121 2771 tua
1133 2721 1265 2787 languens

36 2817 49 2841 ⁸
62 2817 204 2881 decumbit,
214 2832 271 2883 que
279 2823 303 2868 et
311 2816 476 2880 neorlrujue
487 2816 675 2867 meacuetodis
684 2815 795 2868 ecclesie
803 2822 848 2879 eat,
857 2816 1010 2883 relinquere
1019 2834 1077 2869 com
1089 2821 1179 2871 mesic
1191 2836 1265 2874 meua

10 2920 13 2930 '
37 2917 49 2942 ⁸
62 2934 116 2970 non
129 2919 241 2984 patitur
256 2916 375 2981 affectus.
393 2915 539 2981 Propterea
556 2921 586 2966 tu
603 2915 786 2978 aonuafoctua
797 2915 913 2980 ipsibuc
925 2923 1019 2968 amota
1028 2933 1127 2970 manue
1135 2920 1230 2985 prebe,
1242 2928 1266 2974 et

38 3018 49 3040 ⁸
62 3033 108 3069 coe
120 3017 208 3069 collate
220 3016 327 3067 reddita
336 3030 383 3080 ope
395 3014 614 3078 nautuojucetie:
625 3013 702 3064 illam
714 3029 748 3064 ea
759 3029 799 3066 me
813 3022 843 3064 tu
857 3015 973 3066 vocando
990 3021 1014 3067 el
1020 3020 1193 3083 perurgendo
1204 3034 1265 3071 aur-

38 3116 49 3140 ⁸
61 3132 131 3181 pere,
141 3122 164 3166 et
174 3115 225 3166 illo
237 3120 261 3166 te
272 3114 433 3166 sublevando
450 3119 474 3164 el
485 3119 508 3164 le
520 3113 672 3164 deducendo
683 3119 795 3165 euntem.
813 3112 884 3164 Nam
896 3116 1021 3180 expetetie
1036 3119 1165 3181 prasiana
1182 3119 1265 3171 domi-

39 3215 50 3238 ⁸
62 3218 125 3267 nica
138 3215 267 3282 cenapium
279 3213 363 3276 ambo,
378 3219 408 3264 ut
415 3228 469 3279 pro
480 3212 553 3264 nobie
564 3218 740 3278 congregatus
747 3214 868 3279 populus
878 3213 1014 3279 hymnizat
1024 3216 1088 3269 Deo.
1100 3216 1187 3269 Sedet
1197 3218 1267 3269 mili

38 3315 49 3338 ⁸
61 3323 126 3367 tunc
133 3315 270 3380 geminum
278 3314 378 3378 festum
392 3312 598 3374 celebrabilem
609 3313 686 3364 eritis
698 3313 784 3364 codic
800 3312 896 3364 latitia
907 3329 1006 3379 magna
1014 3331 1092 3381 pora.
1109 3315 1135 3367 Is
1146 3315 1194 3370 ubi
1206 3316 1265 3370 haec

38 3412 148 3465 ‘verba
169 3411 335 3475 terminavit,
355 3410 499 3465 basilicam
519 3411 691 3473 subintravit,
711 3410 833 3478 diligenti
852 3417 997 3480 prospectu
1016 3429 1062 3466 me
1082 3421 1264 3483 prosequente

38 3510 49 3535 ⁸
63 3510 245 3565 recedentem.

75 3609 112 3666 4.
138 3608 149 3632 ⁸
163 3607 265 3661 Statim
275 3611 367 3660 autem
380 3606 511 3675 evigilans
523 3611 551 3660 et
562 3622 672 3659 mecum
683 3622 774 3660 meam
788 3610 918 3676 reputans
930 3606 1073 3670 visionem,
1082 3606 1154 3660 dulci
1166 3624 1264 3661 somno

39 3710 50 3734 ¹
66 3724 112 3763 me
124 3706 206 3761 doleo
218 3704 390 3765 derelictum
401 3703 449 3756 sed
461 3702 571 3756 cumulo
583 3702 685 3756 laetitiae
695 3702 872 3756 redundantis
884 3719 1028 3770 compesco
1040 3703 1163 3757 dolorem
1173 3704 1264 3770 istum,

38 3810 50 3833 ⁸
64 3808 130 3860 dum
143 3805 218 3874 quod
230 3782 347 3857 necdum
360 3802 395 3855 de
412 3801 518 3869 meipso
526 3817 702 3870 speraveram
714 3800 824 3869 recipio.
833 3800 902 3853 Nam
916 3805 944 3853 et
955 3801 1052 3854 crectis
1061 3807 1088 3854 et
1099 3802 1211 3869 paribus
1218 3819 1264 3857 me

39 3908 50 3933 ¹
64 3905 191 3959 cruribus
200 3903 320 3967 invenio,
329 3901 489 3969 resupinum
498 3901 526 3954 in
534 3900 636 3954 lectulo
645 3905 673 3953 et
684 3899 797 3953 omnino
807 3903 954 3952 versatum.
962 3900 1027 3953 lesu
1036 3899 1115 3964 bone,
1125 3901 1191 3969 quid
1199 3906 1265 3955 tunc

38 4008 50 4032 ⁸
63 4005 122 4075 spei
133 4008 161 4058 et
172 4002 264 4073 gaudii
276 4001 449 4069 conceperim
462 4000 536 4053 solus
548 4000 630 4065 nosti,
639 3999 686 4068 qui
699 4004 859 4052 cunctorum
872 4004 1039 4053 secretorum
1052 4015 1082 4052 es
1093 3999 1201 4054 arbiter.
1210 4000 1265 4054 Noc

38 4106 50 4130 ⁸
64 4101 304 4170 oblitusJ'nssionis
313 4118 347 4154 ex
355 4100 430 4153 beati
437 4099 545 4153 Martini
554 4105 640 4168 parte,
648 4114 740 4151 meam
753 4114 824 4151 voco
838 4098 984 4168 hospitam,
997 4102 1028 4151 ut
1042 4113 1156 4168 surgam
1171 4100 1207 4153 ad
1220 4116 1265 4153 me

39 4205 50 4230 ⁸
63 4203 159 4258 veniat
170 4207 198 4255 et
215 4201 283 4254 dans
294 4216 393 4254 manus
410 4200 533 4268 subrigat
544 4215 597 4252 me.
610 4197 745 4252 Excubiae
758 4196 892 4250 ancillulis
908 4197 1071 4251 ducentibus
1087 4198 1218 4263 attonitis,
1229 4200 1265 4253 ad

38 4302 50 4326 ¹
65 4315 163 4353 vocem
174 4314 265 4351 meam
274 4296 388 4351 domina
396 4296 577 4350 semimortua
588 4295 703 4348 viviscit.
716 4294 804 4362 Quam
817 4295 882 4347 dum
894 4294 935 4347 bis
947 4298 974 4347 et
986 4294 1065 4347 tertio
1078 4294 1217 4350 inclamito
1230 4312 1264 4350 no

63 4398 194 4461 retardet,
206 4402 300 4450 movet
311 4401 401 4465 caput,
411 4396 459 4449 sed
469 4395 606 4449 deiectum
616 4394 715 4447 virium
725 4394 816 4447 adhue
824 4397 960 4448 causatur.
971 4395 1134 4460 Immeritue,
1143 4394 1265 4463 inquam,

38 4498 50 4523 ⁸
63 4515 110 4564 epo
128 4497 277 4562 nonjubea
289 4498 335 4549 aed
345 4498 467 4563 precipit
483 4502 507 4548 te
524 4496 684 4561 magnificus
696 4495 836 4546 Martinus
847 4509 1011 4561 exsurgam
1027 4495 1167 4559 injunctus
1181 4512 1265 4562 pareo

38 4599 49 4623 ⁸
62 4604 188 4660 tanturm
199 4612 245 4648 nec
257 4597 367 4662 impero,
387 4596 434 4647 scd
443 4609 535 4647 moneo
547 4601 576 4646 ut
585 4593 665 4658 {idem
675 4592 762 4644 verbis
769 4593 890 4659 praebeas
899 4599 923 4645 et
933 4594 1265 4661 eurpenejuaeaperagaa.

38 4697 49 4721 ¹
65 4697 151 4749 Mora
162 4696 203 4748 nil
213 4702 251 4747 eet
261 4697 292 4746 in
305 4695 405 4759 effectu,
423 4694 498 4747 Deua
514 4709 563 4745 auo
575 4699 643 4744 nutu
655 4709 712 4745 rem
724 4693 774 4744 tibi
781 4695 897 4758 percpit.
909 4690 971 4745 Mox
983 4690 1085 4744 femina
1097 4694 1165 4761 petit
1176 4699 1265 4748 vestae
