3142 5392
144 332 235 384 BIBL.
254 331 334 384 ΗΕΘ.
354 332 524 384 BRUXELL.
545 355 591 363 -
610 333 756 385 apruni).
775 335 821 384 AD
839 335 918 387 COD.
937 327 975 386 N⁰
993 336 1117 389 tarr-96.
1175 317 1248 391 505

19 524 102 589 atque
113 520 301 589 praedicationi
313 537 375 574 cum
389 521 440 589 piis
453 522 561 576 actibus
572 522 740 592 invigilabat,
751 528 782 577 ut
799 540 862 577 curn
874 525 1015 593 psalmista
1033 527 1123 580 dicere
1140 533 1248 597 posset:

18 619 286 686 Domine,jrmtiticm
295 629 370 674 tuom
379 639 433 675 non
442 624 570 675 abscondi
579 641 591 687 ,·
599 625 628 675 in
641 631 780 690 conspectu
789 626 908 677 omnium
917 628 1052 680 veritatem
1062 634 1139 680 tuom
1147 630 1215 681 dr'ors'.

59 716 96 774 ὅ.
120 717 206 785 Igitur
216 734 279 770 cum
298 716 419 771 Biturica
430 718 497 771 urbs
508 718 619 787 proprio
638 717 735 771 fuisset
747 719 870 773 desolata
881 721 1010 786 antistite,
1022 737 1075 775 vox
1087 722 1248 776 clericorum

18 819 102 883 atque
114 815 247 869 laicorum
257 830 313 867 una
325 813 458 867 efficitur:
470 814 617 882 Sulpitium
626 814 784 885 episcopatu
792 832 853 870 esse
861 817 1050 885 dignissimum
1057 838 1064 882 ;
1073 818 1180 873 felicem
1190 819 1249 873 fore

17 913 66 968 tali
78 913 224 968 ecclesiam
236 913 387 976 sacerdote,
400 914 478 981 cujus
489 913 603 966 floribus
615 919 699 982 alque
711 915 883 969 documentis
900 931 955 969 non
967 917 1057 971 solum
1075 917 1249 972 occidentalis

17 1012 141 1067 Ecclesia
153 1013 201 1065 sed
214 1012 297 1065 etiam
305 1011 447 1065 orientalis
458 1011 559 1066 referta
571 1017 654 1081 atque
666 1018 763 1067 ornata
776 1015 938 1083 congaudet.
955 1015 1005 1068 His
1015 1020 1043 1069 et
1055 1016 1177 1083 pluribus
1188 1017 1249 1070 aliis

18 1111 220 1165 assertionibus
231 1111 386 1176 roboratus,
399 1111 502 1164 electus
513 1128 530 1164 a
542 1111 623 1175 clero,
636 1113 797 1166 testificatus
808 1129 825 1165 a
836 1114 947 1182 populo,
959 1120 1069 1168 auctore
1080 1114 1147 1178 Deo,
1159 1116 1249 1169 cathe

19 1209 73 1264 dra·
85 1210 299 1263 Bituricensium
312 1210 433 1263 ecclesiae
452 1209 596 1278 episcopus
613 1210 784 1279 subrogatur.
801 1212 862 1265 lam
881 1228 946 1265 vero
963 1218 1073 1281 sumpto
1091 1214 1249 1284 episcopatu

18 1307 129 1376 qualem
139 1325 170 1362 se
177 1313 368 1377 quantumque
375 1308 538 1377 praestiterit,
546 1325 602 1362 non
609 1314 650 1362 est
656 1314 758 1362 nostrae
765 1310 954 1378 possibilitatis
961 1311 1096 1365 evolvere.
1102 1312 1132 1365 lu
1139 1328 1249 1365 summo

22 1407 95 1460 enim
105 1408 214 1461 honore
225 1424 335 1461 summa
347 1412 406 1460 erat
418 1408 442 1461 ei
454 1407 605 1461 humilitas.
614 1407 747 1474 Quamvis
759 1424 884 1462 summus
896 1414 975 1469 esset,
984 1409 1168 1464 humilitatem
1175 1415 1249 1465 tene·

20 1504 65 1559 hat
71 1526 78 1571 ;
86 1507 215 1576 quamvis
226 1509 353 1562 sublimis
362 1510 516 1577 potestatis,
525 1509 554 1562 in
564 1525 593 1561 se
604 1508 795 1562 celsitudinem
805 1508 979 1578 reprimebat.
990 1508 1051 1563 Non
1060 1526 1090 1563 se
1099 1509 1251 1564 extollebat

22 1603 142 1671 honore;
155 1607 315 1676 possidebat
326 1608 492 1661 humilitatis
504 1608 623 1661 culmen.
640 1607 786 1676 Impositas
797 1607 851 1661 sibi
866 1625 947 1662 curas
963 1608 1106 1662 humiliter
1117 1610 1250 1678 explebat,

22 1706 149 1759 traditum
163 1707 346 1761 ministerium
359 1714 452 1761 mente
463 1713 630 1775 susceperat,
647 1707 766 1761 existens
784 1707 916 1762 obediens
928 1708 1027 1773 divinoe
1044 1709 1250 1779 dispensationi.

24 1802 167 1859 Potestatis
177 1808 240 1875 J’ura
249 1825 281 1860 ac
293 1812 381 1876 coepta
392 1807 519 1861 ordinato
529 1808 622 1861 animo
633 1812 661 1860 et
671 1806 818 1876 tranquillo
828 1808 909 1861 corde
919 1808 1090 1876 disponebat
1101 1809 1161 1863 Non
1170 1809 1251 1879 igitur

10 1903 131 1957 ‚amabat
140 1905 282 1971 damnare,
294 1906 343 1959 sed
355 1907 502 1960 emendare
514 1906 606 1975 potius
614 1910 698 1974 atque
707 1905 849 1975 corripere.

58 2001 93 2060 θ.
113 2003 214 2056 Postea
228 2019 292 2056 vero
304 2003 425 2057 sentiens
437 2004 536 2057 beatus
546 2003 677 2072 Sulpitius
684 2019 793 2071 angore,
804 2002 909 2073 vigiliis,
914 2003 1025 2071 jejuniis
1033 2004 1182 2073 multisque
1190 2006 1251 2059 aliis

23 2100 193 2166 passionibus
203 2098 329 2152 membra
340 2116 390 2152 sua
402 2098 547 2163 debilitari,
559 2100 631 2153 inter
643 2103 747 2152 ceteras
758 2115 828 2166 quas
839 2115 888 2167 pro
901 2098 1001 2152 Christi
1010 2116 1104 2154 amore
1113 2100 1214 2170 jugiter
1222 2100 1249 2154 in

22 2213 131 2267 corpore
143 2215 195 2251 suo
213 2198 383 2267 deportabat,
394 2215 481 2252 unum
493 2199 547 2252 sibi
559 2198 699 2267 proprium
711 2203 794 2267 atque
811 2197 928 2266 speciale
940 2198 1028 2267 elegit,
1040 2199 1169 2267 quatinus
1184 2217 1250 2268 prce

22 2297 99 2361 terili,
116 2298 140 2350 si
159 2298 206 2366 qui
225 2298 327 2351 fuerint
345 2298 373 2351 in
395 2314 436 2361 eo,
455 2298 673 2365 decoquerentur
692 2312 806 2361 errores,
824 2313 872 2350 seu
892 2296 927 2349 ad
946 2300 1054 2350 aeternae
1073 2297 1251 2351 beatitudiuis

18 2397 202 2464 promerenda
214 2396 334 2465 praenria,
347 2401 377 2449 ut
388 2397 566 2465 semetipsum
581 2396 682 2464 proprii
692 2396 747 2450 oris
758 2400 890 2463 perpetuo
900 2396 1044 2450 damnaret
1054 2396 1171 2450 silentio.
1179 2397 1250 2451 Scie-

15 2492 63 2549 har
72 2496 149 2549 enirn
161 2495 203 2547 vir
215 2501 326 2548 sauctus
338 2495 403 2564 quia
415 2496 538 2561 Repnum
546 2498 674 2548 coelorum
686 2497 854 2561 oimpatr'tur
865 2502 888 2547 et
899 2497 1008 2548 violenti
1018 2497 1161 2563 annotant
1171 2496 1250 2548 illud.

13 2590 133 2657 Revera,
146 2594 252 2657 fratres,
264 2609 378 2661 regnum
392 2593 524 2647 coelorum
537 2593 666 2646 violentia
678 2593 836 2662 acquiritur.
849 2593 910 2646 Vim
928 2592 1001 2646 enirn
1019 2593 1071 2647 sibi
1088 2593 1192 2648 faciunt
1202 2595 1249 2663 qui

14 2691 84 2747 illud
96 2693 203 2762 aperire
216 2692 320 2746 solunt.
334 2693 466 2746 Novimus
487 2693 552 2761 quia
562 2692 733 2746 familiariter
749 2709 827 2745 mens
845 2692 968 2746 humana
986 2692 1014 2745 in
1023 2692 1138 2746 diversis
1152 2694 1250 2748 mundi

12 2790 101 2861 hujus
110 2792 246 2846 illecebris
257 2798 285 2845 et
295 2793 523 2861 concupiscentiis
533 2792 641 2846 devicta
651 2792 718 2861 fugit
725 2792 858 2856 laborem,
866 2792 968 2862 expetit
977 2791 1162 2861 voluptatem*
1169 2798 1196 2847 et
1204 2793 1249 2847 vix

14 2889 164 2943 adducitur
176 2894 207 2943 ut
218 2891 446 2943 cousuetudinem
462 2890 524 2943 ritae
536 2889 635 2958 prioris
647 2889 782 2942 excludat.
793 2889 846 2942 Sed
863 2889 887 2942 si
898 2889 1010 2957 coeperit
1026 2889 1146 2958 cogitare
1160 2889 1249 2943 ultimi

15 2988 71 3042 diei
81 2989 273 3042 necessitatem
284 3005 316 3041 ac
327 2988 410 3041 futuri
418 2989 513 3055 judicii
522 2990 638 3056 pondus,
650 2988 762 3041 incitata
779 2993 807 3042 et
824 2989 965 3042 stimulata
974 2987 1018 3041 vel
1029 3004 1077 3056 spe
1089 2988 1194 3058 praemii
1206 2987 1248 3041 vel

13 3088 116 3142 timore
128 3088 262 3157 supplicii,
275 3087 463 3142 voluntarium
476 3087 579 3141 bellum
592 3087 688 3142 indicit
699 3092 727 3140 et
739 3088 794 3140 rim
813 3087 880 3141 facit
895 3088 1017 3157 pristinis
1031 3088 1172 3142 desideriis
1183 3088 1248 3153 suis,

16 3192 45 3241 et
67 3188 203 3242 violenter
225 3204 255 3241 se
276 3188 386 3241 vincere
410 3189 499 3257 ipsam
519 3188 668 3256 praesumit.
688 3186 748 3240 Nou
766 3188 839 3241 enim
857 3187 916 3241 sine
928 3186 1059 3241 violentia
1071 3188 1131 3241 fieri
1150 3192 1249 3257 potest,

17 3287 91 3340 utde
102 3287 273 3341 abundantia
290 3291 319 3341 et
331 3287 435 3340 deliciis
452 3288 487 3340 ad
504 3287 607 3340 famem
620 3292 647 3340 et
664 3287 764 3340 sitim⁸
783 3292 812 3339 et
827 3303 936 3341 crucem
952 3291 1073 3340 transeat
1090 3292 1172 3356 atquc
1184 3287 1248 3341 odio

18 3387 136 3440 amicam
154 3403 275 3450 carnem,
299 3387 471 3450 contritione,
491 3386 590 3455 vigiliis
611 3387 745 3440 conficiat.
765 3385 825 3439 Non
845 3386 904 3439 sine
925 3386 1056 3440 violentia
1076 3387 1134 3440 fieri
1159 3392 1250 3455 potest

18 3490 49 3541 ut
64 3487 256 3556 uuusquisque
276 3487 448 3541 iracundiam
466 3486 605 3555 patientia,
625 3486 781 3555 snperbiam
801 3486 958 3539 humilitate
979 3491 1137 3548 commutet,
1154 3502 1249 3539 amore

20 3586 187 3655 paupertatis
209 3586 381 3640 sufficientiae
401 3586 571 3640 affluentiam
594 3589 712 3654 superet,
734 3585 914 3639 vinolentiam
934 3584 1090 3651 sobrietate,
1113 3584 1248 3638 luxuriam

21 3681 143 3735 castitate
152 3681 325 3745 condemnet,
335 3686 362 3734 et
371 3682 456 3734 homo
466 3680 556 3735 subito
564 3681 592 3733 in
600 3682 688 3734 virum
700 3679 909 3733 transformetur
917 3680 1108 3749 pe1·fcctum,et
1116 3681 1250 3748 quodam·

21 3781 102 3835 modo
114 3781 184 3834 aiter
195 3780 325 3834 reddatur
337 3796 369 3833 ex
388 3780 493 3834 allero:
509 3797 540 3833 ac
558 3781 598 3834 sic
616 3797 633 3832 a
651 3780 751 3833 talibus
768 3796 817 3848 per
833 3778 992 3832 violentiam
1010 3795 1125 3849 regnum
1142 3779 1251 3835 coeleste

21 3880 148 3948 arripitur
149 3921 188 3934 .....
201 3880 269 3947 Quae
288 3879 419 3933 violentia
430 3880 520 3947 major
532 3884 580 3933 aut
598 3896 658 3947 quae
675 3896 719 3932 res
737 3879 824 3948 magis
841 3879 927 3932 ardua
947 3879 974 3932 in
991 3879 1105 3933 homine
1122 3896 1205 3948 quam
1223 3880 1251 3933 in

21 3978 101 4033 beato
112 3979 229 4049 Sulpitio
242 3979 316 4034 fuit?
328 3979 390 4046 Qui,
402 3996 451 4048 pro
463 3995 558 4032 amore
570 3979 687 4032 coelestis
699 3978 794 4047 patriae
806 3984 834 4032 et
844 3982 955 4048 propter
966 3994 1042 4047 spem
1055 3979 1251 4032 remuneratio

20 4076 60 4131 uis
72 4082 190 4143 aeternae,
202 4095 265 4132 cum
278 4084 350 4132 esset
361 4094 487 4132 summus
504 4077 634 4146 pontifex,
654 4077 729 4130 licita
747 4082 859 4146 propter
877 4077 972 4131 illicita
991 4077 1192 4146 derelinquens,
1207 4080 1250 4132 cui

19 4177 139 4232 muudus
150 4183 178 4231 et
190 4177 237 4246 qui
250 4178 353 4232 mundo
370 4178 407 4230 ita
420 4176 566 4230 crucifixus
575 4180 602 4229 et
614 4180 740 4230 mortuus
751 4181 819 4240 erat,
830 4176 905 4244 quod
921 4177 1009 4231 multo
1022 4181 1147 4244 tempore
1158 4193 1251 4246 perpe·

20 4279 95 4330 tuum
106 4277 246 4330 silentium
258 4293 344 4346 usque
356 4277 391 4329 ad
403 4281 520 4330 mortem
534 4275 634 4329 dicitur
645 4275 773 4329 tenuisse.
792 4274 921 4328 Carnales
933 4275 1087 4345 voluptates
1098 4275 1127 4329 in
1138 4293 1168 4330 se
1178 4293 1250 4330 mor-

19 4375 178 4439 tiflcaverat,
205 4380 313 4429 terrena
335 4375 496 4444 despiciens,
519 4373 638 4428 coelestia
661 4390 708 4442 per
728 4373 890 4443 martyrium
913 4375 1068 4443 adquirens,
1089 4375 1151 4430 illos
1173 4376 1251 4446 sequi

20 4490 171 4543 eorumque
191 4476 329 4529 consortio
350 4476 464 4544 cupiens
481 4474 613 4529 associari
631 4475 665 4528 de
683 4474 783 4543 quibus
803 4474 927 4543 egregius
944 4475 1105 4543 praedicator
1121 4475 1179 4530 ait:
1197 4479 1252 4543 Qui

19 4583 107 4628 cutem
118 4583 183 4629 sunt
197 4575 307 4641 Christi,
320 4593 429 4629 carnem
437 4592 515 4628 suam
525 4576 720 4640 crucifixerant
731 4590 792 4626 cnm
800 4575 875 4628 vitiis
883 4582 907 4627 et
915 4577 1144 4642 concupiscentiis.

59 4669 93 4729 ¹7.
114 4670 246 4725 Discessit
256 4674 349 4724 autem
364 4687 380 4723 a
393 4669 493 4731 seculo,
502 4673 601 4738 quarto
619 4669 755 4722 Kalendas
772 4667 922 4732 Februarii,
935 4669 963 4721 in
981 4669 1055 4722 bona
1072 4670 1251 4735 confessione,

1332 2806 1345 2831 '
1356 2804 1412 2856 cod.

1283 2869 1461 2923 voluntatem.

1290 3299 1304 3329 '³
1320 3301 1377 3352 cod.
1388 3302 1452 3353 add.

1279 3363 1315 3417 ad
1323 3364 1463 3441 abundau-

1334 3436 1409 3484 tram.
