3142 5392
301 314 393 363 aran.
411 313 492 364 uso.
511 313 684 368 nuuxsm..
703 335 750 344 —
768 313 847 365 con.
866 304 905 363 u⁰
922 312 1046 363 usas-ra.
1216 292 1287 364 587
1364 364 1368 370 ,

99 499 262 576 Quartum
275 506 386 564 autem
401 502 528 584 gloriosi
543 502 681 584 Remigii
696 500 850 565 caecitatis
865 501 1072 589 commodum
1085 501 1200 577 extitit,
1209 519 1288 582 qua-

55 602 154 661 tenus
167 603 355 663 sanctorum
367 601 533 664 aureolam
544 601 710 683 percipere
721 603 901 664 mereretur
912 602 1093 682 martyrum

90 753 265 807 Enumeratis
275 754 337 807 inde
349 755 554 808 infirmitatibus
565 771 634 823 quas
646 771 730 808 senex
741 754 879 818 sustinuit,
890 753 928 807 sic
940 753 1025 823 pergit
1037 773 1044 806 ι

98 866 167 931 Etsi
179 868 394 949 quovismodo
410 868 558 950 progredi
574 869 716 933 licuisset
731 888 805 932 cum
817 869 935 932 baculo
945 868 1151 943 sustentario,
1159 867 1288 931 famulis

55 965 302 1030 adhaerentibus
318 968 540 1047 gradiebatur;
553 969 595 1031 ob
611 967 702 1050 cuins
718 967 875 1030 honorem
890 967 975 1030 hunc
991 967 1144 1031 baculum
1159 970 1288 1031 susten-

56 1065 177 1128 torium
192 1066 210 1103 *
224 1066 336 1129 Remis
349 1067 381 1129 in
398 1067 467 1148 ejus
490 1067 626 1131 ecclesia
641 1066 803 1130 credimus
817 1065 994 1129 honorifice
1005 1065 1163 1129 reservari
1178 1085 1216 1128 ac
1230 1085 1290 1147 per

58 1163 144 1227 [esta
156 1164 334 1228 Dominicae
350 1165 528 1229 nativitatis
544 1165 716 1228 dumtaxat
728 1165 877 1228 fidelibus
893 1164 1150 1227 demonstrari

100 1285 160 1369 [2.]
184 1287 231 1351 De
255 1291 400 1352 extremo
423 1291 630 1352 testamento.
655 1288 807 1352 Secundo
828 1288 967 1370 qualiter
988 1291 1170 1352 extremum
1192 1307 1288 1351 sunm

58 1388 294 1449 testamentum
312 1388 500 1469 praecellens
516 1387 715 1451 Francorum
730 1391 843 1468 pastor
857 1390 889 1450 el
902 1387 1068 1469 apostolus
1083 1386 1288 1460 ordinaverit,

57 1484 177 1547 exinde
193 1489 242 1548 est
253 1486 520 1567 prosequendum
575 1485 728 1549 Condidit
742 1485 837 1567 igitur
852 1484 956 1549 almus
978 1489 1072 1568 pater
1082 1485 1177 1567 Juxta
1191 1503 1289 1548 cano·

57 1603 137 1645 unm
160 1584 235 1665 jura
258 1589 491 1648 testamentum
505 1605 609 1662 suum,
632 1585 835 1666 signavitque
856 1588 887 1648 et
909 1584 1113 1666 approbavit,
1124 1584 1227 1648 tribus
1249 1604 1288 1648 ex

57 1683 165 1745 causis
179 1705 186 1745 :
198 1683 313 1764 primo,
326 1687 362 1747 ul
376 1684 458 1747 sicut
469 1688 602 1748 venerat
614 1684 721 1761 nudus
733 1684 765 1747 in
777 1683 935 1761 terris,sic
945 1683 1053 1747 nudus
1065 1683 1138 1747 illuc
1147 1687 1290 1748 reverte·

55 1785 160 1856 retur;
172 1782 367 1859 secundant
382 1783 526 1846 securius
539 1783 672 1846 ccclesia
685 1783 725 1846 de
741 1782 853 1863 legatis
866 1783 1041 1858 frueretur3
1055 1777 1200 1858 leniunt
1207 1783 1290 1846 iuter

56 1881 221 1944 seculares
236 1886 269 1944 et
284 1882 518 1945 ecclesiasticos
533 1882 621 1963 litigii
637 1882 827 1945 scandalum
840 1901 906 1944 non
918 1881 1055 1945 oriretur

100 2004 160 2088 [3.]
183 2005 293 2068 Tertio
309 2009 430 2082 autem,
446 2007 488 2069 ob
510 2024 609 2087 quam
625 2025 695 2069 rem
709 2005 898 2087 praecellens
911 2005 1109 2069 Francorum
1124 2008 1237 2087 pastor
1255 2009 1288 2069 et

57 2105 236 2186 apostolus,
253 2105 476 2168 sanctissimus
488 2105 663 2185 Remigius
681 2104 853 2186 discipulos
874 2124 951 2167 suos
973 2103 1130 2180 asciverit,
1143 2103 1288 2168 seriatim

57 2206 106 2266 est
123 2203 308 2266 dicendum.
325 2205 357 2284 a)
374 2203 482 2266 Primo
504 2223 589 2279 vere,
602 2207 638 2266 ut
652 2202 714 2266 illis
729 2202 869 2285 qualiter
882 2202 999 2266 exinde
1013 2222 1123 2284 regere
1137 2222 1172 2266 se
1188 2203 1288 2266 debe-

56 2306 130 2365 rent
142 2303 336 2384 praedicaret
349 2306 380 2365 et
392 2302 551 2366 morosius
563 2301 780 2380 ordinarctb)
792 2301 993 2378 Secundo,ut
1005 2301 1131 2365 illorum
1142 2301 1288 2380 tuitione,

55 2399 207 2480 precibus
223 2403 256 2461 et
266 2398 497 2480 praedicatione
509 2417 586 2461 oves
599 2417 681 2480 quas
694 2397 833 2462 Domino
844 2397 988 2462 lucratus
1001 2398 1107 2462 suerat
1119 2402 1151 2462 el
1162 2400 1289 2480 specia-

55 2497 128 2560 liter
152 2516 255 2577 genus
282 2497 406 2577 regium
428 2496 682 2561 commendaret.
705 2500 735 2579 e)
751 2496 861 2560 Tertio
883 2501 1004 2575 auteur,
1025 2502 1060 2561 nt
1081 2497 1152 2561 illos
1174 2498 1216 2561 de
1237 2498 1288 2562 sui

56 2595 201 2676 corporis
223 2594 435 2658 dissolutione
457 2595 698 2677 perturbandos
720 2594 927 2659 confortaret.
945 2595 980 2676 d)
1001 2594 1125 2673 Quarto
1149 2614 1236 2671 vero,
1251 2597 1289 2659 ut

56 2714 139 2776 quos
155 2694 309 2776 praecipui
325 2715 363 2756 ac
379 2694 459 2757 tanti
481 2695 601 2758 amoris
625 2694 747 2758 loedere
762 2694 928 2773 dilexerat,
948 2694 981 2757 in
1003 2694 1207 2759 extremitate
1227 2712 1288 2758 sua

55 2793 182 2857 eisdem
207 2793 360 2857 adunatis
385 2793 510 2857 obitum
536 2812 632 2856 suum
655 2793 845 2858 declararet.
869 2794 900 2877 e)
924 2792 1053 2870 Quinta,
1075 2797 1113 2857 ut
1133 2795 1287 2858 extremas

57 2893 234 2955 voluntatis
250 2912 318 2956 suae
333 2897 567 2956 testamentum
578 2912 689 2956 eorum
702 2892 838 2974 quilibet
852 2892 1050 2975 approbaret
1064 2895 1123 2956 aut
1136 2893 1287 2974 signaret.

57 2992 85 3071 l)
102 2992 212 3067 Sexto,
229 2995 264 3054 ut
289 2991 321 3053 in
348 2992 492 3072 exequiis
519 2991 585 3054 suis
608 2991 742 3072 quilibet
758 2992 893 3055 istorum
908 2991 1102 3072 obsequium
1117 2989 1287 3054 amicabile

56 3094 240 3172 praestaret.

99 3213 160 3296 [4.]
175 3213 300 3291 Quarto
316 3218 436 3291 autem,
450 3214 590 3296 qualiter
605 3214 809 3278 resolutionis
831 3234 899 3278 suae
921 3214 1009 3278 diem
1030 3218 1063 3278 et
1083 3214 1199 3278 horam
1217 3215 1288 3296 jam

57 3312 164 3376 dictus
180 3313 379 3377 Francorum
390 3318 503 3395 pastor
515 3318 547 3376 et
557 3312 746 3395 praecellens
758 3314 924 3395 apostolus
936 3313 1133 3394 praesciverit
1145 3317 1177 3377 et
1192 3312 1287 3377 disci·

56 3412 141 3493 pulis
157 3413 224 3475 suis
246 3412 459 3476 declaraverit
481 3415 514 3475 et
536 3412 680 3475 animam
705 3412 772 3474 Deo
795 3411 983 3488 reddiderit,
995 3412 1136 3475 breviter
1149 3415 1200 3475 est
1220 3416 1287 3476 tra·

59 3511 227 3574 claudum.

91 3653 157 3706 Haec
170 3652 266 3706 ultima
278 3653 414 3705 sermonis
426 3670 489 3721 pars
502 3653 538 3706 itu
552 3653 731 3706 terminatur:
756 3691 759 3697 .

97 3760 137 3823 Et
161 3779 285 3837 revera,
301 3761 580 3841 quemadmodum
600 3760 714 3824 vivens
729 3759 762 3822 in
785 3778 920 3840 corpore
942 3762 1072 3821 sanctos
1093 3758 1207 3821 habuit
1226 3760 1288 3822 sub

55 3860 115 3923 alis
131 3859 198 3923 suis
212 3860 260 3941 (ut
274 3860 521 3942 supradictum)
535 3858 721 3941 discipulos,
729 3859 801 3940 pari
812 3859 917 3922 forma
928 3861 1003 3939 post
1014 3856 1189 3938 gloriosum
1202 3861 1289 3920 tran·

55 3959 155 4022 situm
167 3979 264 4022 suum
279 3959 400 4023 multos
412 3963 541 4023 sanctos
556 3978 658 4040 penes
670 3962 702 4023 et
725 3959 786 4021 sub
802 3957 862 4021 alis
875 3956 952 4035 suis,
967 3960 1003 4020 ut
1014 3955 1195 4019 sanctitatis
1218 3956 1289 4038 ejus

54 4056 193 4121 altitudo
209 4059 335 4122 enixius
347 4059 549 4133 claresceret,
560 4057 674 4121 habuit
685 4057 880 4121 inhumatos.
892 4055 933 4119 Et
947 4075 1012 4119 non
1024 4055 1130 4119 solum
1142 4054 1176 4119 in
1187 4055 1289 4120 eccle-

54 4156 103 4221 sia
119 4176 184 4238 qua
199 4160 502 4239 requiescit,verum
515 4157 613 4221 etiam
626 4158 659 4220 in
671 4156 781 4220 alteris
794 4155 936 4220 ecclesiis
948 4155 1009 4219 sibi
1020 4153 1176 4219 subditis:
1188 4155 1288 4220 veluti

55 4256 145 4337 apud
172 4255 408 4322 Corboniacum
430 4257 605 4339 requiescit
626 4259 760 4320 sauctus
774 4255 982 4337 Marculphus
1007 4253 1289 4332 confessoqinnu·

55 4355 154 4418 meris
170 4355 333 4419 miraculis
345 4358 582 4438 virtutibusque
594 4374 781 4434 coruscans;
792 4353 881 4436 apud
888 4354 1051 4417 Senucuur
1062 4356 1195 4418 sanctus
1203 4372 1289 4418 mar·

55 4457 108 4537 tyr
137 4453 295 4531 Oriculus,
315 4474 442 4519 necnon
471 4459 585 4520 sancta
610 4454 738 4518 Oricola
766 4457 945 4536 sanctaque
970 4450 1118 4530 Basilica,
1141 4451 1289 4534 ejusdem

53 4553 188 4635 pretiosi
201 4555 351 4636 martyris
361 4552 858 4637 sorores;apudChaingniacurn
867 4553 963 4634 Juxta
969 4550 1288 4629 Ulmontem,beatus

55 4656 181 4734 martyr
196 4652 348 4728 Aderius;
363 4654 450 4735 apud
466 4653 603 4731 Mersen,
618 4656 731 4718 sancta
743 4656 776 4716 et
797 4651 936 4734 gloriosa
949 4649 1069 4716 Christi
1082 4649 1172 4733 virgo
1188 4648 1288 4715 Alde-

1375 1077 1443 1131 'aia
