3142 5392
210 111 298 160 areu.
318 110 398 162 nno.
417 111 589 162 nnuxuuu.
608 132 655 141 —
674 111 820 163 areruu.
839 113 885 163 au
904 113 983 163 con.
1001 99 1038 163 u⁰
1054 112 1177 165 isso-n.
1234 93 1305 165 305

82 297 184 352 ’diaeo
192 316 244 351 ror.
254 301 316 352 Her
325 302 396 352 enim
404 302 467 365 fieri
473 303 607 368 permittit
616 318 667 354 non
677 302 753 354 trahis
762 303 799 354 ud
805 319 923 369 pernam,
932 304 1037 369 sedpro
1046 320 1100 356 sire
1110 307 1307 369 ruapru'tudinis

29 384 44 431 ⁸-
86 388 180 450 Dionia.
200 399 270 451 Nam
283 401 313 450 in
334 400 384 451 hae
401 402 455 452 rire
472 401 607 466 stipendia
628 417 682 453 nou
700 403 805 453 aurittes
820 403 886 465 rite,
904 418 986 469 neque
997 418 1014 452 a
1033 404 1109 455 nullo
1124 405 1249 469 cupieris,
1261 405 1307 455 seri

43 540 48 547 .
89 498 223 563 nroprtum
233 499 313 563 finem
322 500 465 565 percipies.
477 497 553 551 Tunc
563 514 626 550 ursa
639 514 687 567 per
695 499 815 565 tegmina
824 498 918 566 templi
928 499 998 552 iuter
1007 500 1097 553 media
1105 499 1226 568 pericula
1233 501 1308 554 foras

47 604 50 609 '
94 592 197 657 surena,
210 595 292 648 anxia
303 611 473 663 percurrens,
484 597 518 649 ad
528 595 633 649 heremi
643 601 720 649 rasta
728 596 1078 666 interrnediuspopulorum
1091 603 1195 651 turmas
1204 599 1238 651 ad
1247 599 1308 653 lora

29 764 39 775 :
99 688 197 747 *meta
209 695 346 748 remearit
358 694 459 749 intusa.
470 695 507 748 At
517 695 562 749 illa
574 700 674 764 erepta,
687 712 749 749 esce
761 697 849 749 nubes
858 696 986 749 imbrium
999 697 1117 765 copiosa,
1126 697 1218 750 divina
1229 699 1308 751 nrini·

20 776 46 871 'f
100 792 211 847 untione
221 793 335 855 directa,
344 793 481 847 abAfrica
491 795 613 858 veniens,
623 794 748 848 inntensa
757 794 882 849 deserens
891 811 1024 863 uquarum
1034 795 1144 855 fluenta,
1156 795 1193 848 ita
1203 797 1308 865 utignis

10 922 30 967 Γ,
103 890 165 945 ualidi
175 892 279 945 valeret
291 892 417 946 incendia
428 909 565 962 superare.

10 972 13 979 ¹
127 991 155 1048 7.
182 989 308 1058 Cumque
332 990 389 1042 hnc
413 994 488 1059 gesta
505 989 662 1043 Auritinnus
687 991 834 1058 imperator
858 990 934 1043 mira:
952 990 1161 1059 dispensationis
1178 991 1307 1060 omnipo·

10 1088 72 1239 K
90 1090 162 1143 tentis
173 1088 223 1142 Dei
236 1087 360 1150 vidisset,
369 1085 468 1140 duritia
477 1086 674 1140 incredulitatis
686 1092 816 1151 retentuS,
826 1088 854 1140 in
865 1093 976 1157 stupore
989 1105 1136 1141 conversus
1148 1089 1232 1142 dixit:
1246 1091 1308 1155 Qus

10 1196 34 1233 ἰ
80 1198 117 1243 est
128 1207 177 1241 urs
193 1198 252 1252 trra,
272 1188 408 1246 Columba,
420 1188 458 1238 rel
469 1188 610 1251 maleficia,
624 1204 676 1253 per
693 1203 750 1254 quse
768 1190 907 1240 incantare
918 1190 1022 1254 poteris
1038 1196 1068 1240 ut
1083 1189 1133 1240 tihi
1149 1191 1230 1240 etium
1245 1190 1306 1254 feru

76 1289 212 1341 terribilis
225 1291 253 1339 iu
266 1289 435 1352 adjutorium
447 1295 525 1340 tonte
536 1289 680 1340 velocitatis
687 1291 787 1355 poterit
799 1289 945 1350 stibrenire,
958 1305 989 1339 ao
1001 1290 1162 1354 piutu'arum
1176 1295 1256 1354 putta
1272 1290 1309 1340 art

66 1405 222 1456 pernarum
233 1395 391 1439 :rostrorum
402 1389 517 1452 inpeniu,
536 1403 592 1455 quir
603 1389 653 1439 tibi
662 1389 818 1454 inperimns,
831 1389 1158 1452 decernuntertinpuere?
1170 1388 1229 1452 Qua
1239 1390 1309 1439 enim

67 1489 240 1539 andoritate
252 1487 346 1537 taliter
354 1501 403 1537 uos
413 1487 439 1536 in
452 1486 591 1553 harperto
599 1489 728 1553 preraies
745 1489 900 1553 superare?
911 1485 995 1537 Beata
1007 1485 1141 1538 Columba
1153 1485 1310 1553 respondit:

62 1586 189 1650 Infeiir,
203 1592 308 1651 quanta
321 1584 371 1635 tihi
383 1585 518 1638 obseratio
529 1587 803 1652 praesidentium
821 1592 845 1637 te
861 1602 908 1637 nee
924 1586 963 1637 her
974 1587 1085 1637 uirtutes
1102 1586 1312 1650 dispensationis

10 1660 44 1755 j!
61 1684 124 1737 Dei
135 1683 179 1734 ad
190 1683 358 1747 spiritienrm
369 1689 509 1747 provocent
523 1682 634 1746 Christi,
646 1684 700 1747 sed,
714 1685 741 1733 in
755 1699 806 1748 uuo
818 1690 847 1734 tu
858 1683 994 1748 presules,
1006 1683 1141 1734 diabolice
1152 1683 1312 1733 incantatio·

10 1760 14 1771 Ι
57 1784 112 1835 nis
125 1798 174 1833 me
186 1782 333 1832 existimas
353 1796 407 1832 esse
419 1787 553 1832 animarem
563 1783 577 1832 ?
588 1781 671 1832 atrita
690 1781 819 1845 instetieiu
832 1797 877 1846 epo
895 1783 963 1844 riori,
975 1782 1032 1832 nisi
1045 1781 1182 1833 Christum
1194 1783 1312 1847 omnipo·

53 1881 152 1934 tentis
176 1879 234 1930 Dei
250 1878 341 1942 {iliam
360 1879 451 1929 adora.
473 1879 567 1944 Ipsum
586 1880 614 1929 in
632 1879 852 1930 tribulationibus
869 1881 934 1929 meis
951 1881 1049 1943 inraco,
1061 1881 1109 1946 qui
1125 1896 1166 1931 me
1182 1880 1313 1931 erarrriire

53 1980 221 2045 dignatur.
232 1975 393 2028 Aurilianus
401 1975 551 2044 imperator
560 1975 628 2029 dixit
637 1995 643 2028 :
652 1978 715 2028 Jarn
729 1978 777 2028 tihi
788 1984 899 2029 testatus
909 1978 1018 2042 sirmam
1030 1985 1059 2029 ut
1070 1978 1153 2044 hujus
1167 1981 1312 2030 atteteritu-

51 2087 114 2130 tem
129 2076 265 2128 nonrinis
277 2076 398 2141 amplius
407 2092 460 2126 nau
472 2075 578 2127 deberes
584 2077 720 2140 proferre.
729 2074 814 2126 Beata
823 2074 957 2127 Columba
967 2073 1119 2143 respondit:
1129 2074 1206 2140 Lupe
1214 2091 1312 2140 rupae,

10 2182 33 2237 1
51 2178 115 2245 qni
124 2189 248 2241 prepem
263 2173 368 2225 Christi
374 2175 587 2240 proseriendam
606 2174 702 2225 rahido
719 2190 764 2225 ore
781 2191 812 2226 ac
828 2190 956 2226 rerrenoso
968 2176 1022 2226 ictu
1033 2174 1155 2225 mordere
1171 2179 1194 2223 et
1206 2173 1313 2224 laniare

52 2292 117 2328 non
133 2274 265 2336 desistis,
273 2274 330 2324 sint
342 2288 476 2324 sermones
484 2274 526 2323 tui
536 2280 629 2334 tecam,
638 2281 660 2324 et
677 2275 771 2325 mortis
784 2274 839 2338 liiii
849 2275 904 2325 tuis
916 2274 1089 2338 obtemperent
1102 2274 1313 2337 nuperrimam

49 2376 159 2441 filiam
171 2373 247 2423 lueis
259 2373 423 2437 nonpoteris
435 2389 451 2422 a
464 2387 512 2424 sao
521 2378 626 2423 uisitare
638 2375 783 2438 proposito.
792 2371 869 2423 Tunc
878 2369 1034 2423 durilianus
1044 2370 1135 2422 surore
1149 2375 1313 2424 commotus.

48 2470 153 2537 jussit
172 2473 382 2521 tormentorum
401 2468 542 2521 ministros
558 2473 589 2521 ut
606 2485 665 2520 earn
685 2472 761 2520 extra
779 2467 917 2520 civitatem
938 2466 964 2518 in
976 2466 1123 2519 miliarium
1137 2468 1274 2529 (iacerent,
1286 2472 1314 2520 et

51 2572 157 2638 eaput
176 2565 254 2621 illius
271 2566 362 2636 gladio
380 2571 562 2636 amputarent.

10 2676 35 2729 β
102 2666 146 2724 8.
183 2664 243 2717 Sed
270 2667 334 2717 ante
360 2679 443 2730 quarn
470 2663 505 2715 ab
530 2662 614 2730 ipsius
641 2663 721 2714 beata
748 2662 881 2715 Columba
908 2662 1087 2714 deduceretur
1110 2661 1261 2730 prasentia,
1279 2663 1313 2715 ad

55 2763 256 2821 ,mutilianum
274 2775 371 2813 ausum
390 2758 519 2827 loquendi
537 2759 660 2827 praebuit,
678 2757 770 2811 dicens
787 2777 794 2810 ι
811 2759 1005 2811 Damnationis
1020 2766 1071 2811 tum
1087 2761 1243 2811 sententium
1261 2775 1312 2811 reon

55 2868 248 2933 pertimesco,
266 2861 330 2926 quia
349 2861 448 2911 iterato
465 2859 599 2911 deuotione
615 2859 780 2923 rieurtpriuru
796 2858 991 2909 corisumrnuho.
1004 2858 1138 2909 Dominus
1159 2875 1190 2909 ac
1214 2859 1313 2909 redem-

55 2974 135 3033 ptor
150 2967 249 3014 noster
265 2975 314 3010 nas
331 2959 363 3010 ate
379 2959 430 3008 hae
448 2974 476 3008 re
488 2958 516 3009 in
535 2957 681 3023 Erunpeiio
701 2973 750 3008 suo
772 2963 863 3008 surina
882 2957 1017 3021 ieortatar,
1038 2958 1149 3008 diceus:
1170 2957 1224 3021 Qui
1240 2965 1314 3009 emat

60 3065 205 3115 sinistram
218 3058 407 3123 erumperent
420 3058 496 3108 iiiam
503 3074 513 3120 ;
524 3063 548 3108 et
560 3057 608 3122 qui
613 3057 768 3122 perdiderit
783 3057 902 3106 animam
915 3072 992 3106 sirum
1004 3062 1118 3121 propter
1130 3072 1177 3116 ine,
1190 3057 1219 3106 iu
1231 3057 1313 3108 ritum

10 3168 43 3221 η
62 3168 211 3213 aternam
228 3156 342 3207 insertiri
360 3171 425 3206 eam.
442 3154 496 3205 Seri
515 3155 592 3206 iilam
611 3155 704 3219 futuri
716 3154 822 3218 judieii
844 3170 945 3218 parens
971 3161 1095 3205 tremesco
1115 3155 1314 3206 durrniationem

67 3257 190 3312 Christi
198 3270 255 3321 qua
267 3255 392 3306 dicturus
404 3260 441 3305 est
453 3254 564 3319 impiis:
578 3253 739 3304 Disceditea
753 3269 799 3316 ene,
812 3253 954 3312 maledicti,
966 3253 995 3302 iu
1006 3254 1091 3317 iynem
1101 3260 1226 3304 eternam
1236 3270 1312 3318 quem

63 3355 250 3427 preparant
261 3353 343 3405 Pater
354 3369 429 3405 meus
441 3353 548 3404 diabolo
559 3360 582 3404 et
591 3354 694 3418 armetis
706 3353 782 3416 ipris:
793 3369 845 3418 quo
856 3359 884 3402 tu
898 3353 955 3402 siue
968 3353 1164 3402 intermissione
1171 3367 1313 3417 properas.

69 3457 157 3510 Huic
167 3454 306 3506 sententie
317 3453 463 3517 subjacere,
475 3460 499 3503 et
516 3468 576 3503 rum
588 3452 694 3504 diaholo
706 3459 729 3504 et
743 3452 847 3515 ariprlis
857 3452 916 3516 ejres
926 3453 1025 3503 socium
1039 3457 1062 3501 te
1074 3451 1146 3513 ipnis
1157 3451 1249 3501 eterni
1260 3467 1311 3503 non

70 3552 195 3606 desistis
207 3550 306 3602 adesse.
315 3550 387 3601 Num
396 3550 476 3600 istam
486 3550 684 3601 darrnnrtionem
694 3565 773 3615 qaam
785 3550 852 3599 mitri
862 3551 970 3614 inparis,
978 3550 1004 3599 in
1013 3548 1222 3614 compensatione
1230 3547 1314 3613 hrrjm

13 3658 53 3713 a
70 3652 177 3706 aaut
186 3650 320 3716 supplicii
324 3665 415 3715 parra
426 3664 458 3699 ar
467 3649 530 3699 ritis
539 3647 608 3698 mihi
618 3648 723 3698 riiietru·
731 3663 793 3708 esse,
803 3649 868 3712 quia
881 3648 1000 3697 animam
1011 3663 1096 3697 rrrrarn
1105 3647 1163 3696 lieet
1175 3661 1192 3695 a
1204 3661 1313 3711 corpore

70 3748 232 3817 premieres
240 3763 377 3813 separare,
389 3753 477 3797 tamen
485 3751 546 3811 post
557 3746 754 3797 sturnitationem
767 3746 889 3811 corporis
900 3746 1019 3810 amplius
1031 3746 1058 3794 in
1071 3760 1127 3795 earn
1146 3760 1197 3795 riori
1216 3746 1313 3795 retines

69 3853 238 3917 protestatem
247 3863 259 3909 ,²
267 3847 324 3896 nisi
335 3847 394 3912 :pse
403 3845 451 3912 qui
462 3844 531 3897 mihi
542 3860 598 3896 eam
609 3845 681 3896 dedit
689 3845 717 3894 in
728 3860 837 3909 corpore
849 3850 872 3895 et
880 3850 943 3910 post
952 3844 1077 3907 sinisiram
1088 3845 1313 3895 restaurationem

75 3950 109 3998 in
118 3961 249 4012 oompape
256 3944 438 3996 membrorum
447 3960 505 3996 eum
515 3944 655 3995 restituere
658 3948 751 4008 potest.
757 3942 828 3992 Naue
837 3949 874 4005 tu,
882 3944 940 3991 sine
946 3942 1000 3993 Deo
1009 3948 1033 3992 et
1042 3943 1175 3992 mulorum
1183 3943 1313 4004 eoriscius,

74 4046 175 4112 aspice
187 4044 290 4096 ruitum
302 4059 390 4095 meum
398 4043 548 4108 dilipenter,
560 4048 598 4106 ut,
609 4057 668 4092 enni
689 4056 783 4092 renero
803 4048 863 4092 urite
882 4040 1004 4091 tribunal
1018 4039 1120 4091 Christi
1136 4041 1173 4091 uit
1184 4057 1313 4092 ucetiam-

10 4150 58 4209 :do
73 4147 148 4198 dum
156 4150 192 4207 te,
200 4143 391 4195 reminiscaris
399 4148 461 4195 unte
471 4156 600 4208 sponsmn
608 4156 693 4191 merua
705 4147 833 4204 quantam
839 4139 950 4205 perhec
959 4139 1027 4189 mihi
1036 4139 1151 4202 pluriam
1161 4155 1313 4205 preparas,

75 4244 156 4297 unde
171 4242 334 4309 tm'hipoenas
349 4241 488 4306 conquiris
504 4246 624 4292 utmnas.

120 4338 157 4398 9.
181 4335 318 4391 Posthaec
330 4334 493 4388 sententiam
507 4333 558 4386 diri
567 4333 651 4401 jussis
660 4332 765 4402 imperii
774 4332 871 4386 mortis
883 4332 1044 4387 obedierunt
1054 4333 1179 4386 ministri.
1189 4334 1313 4401 Curaque

74 4452 142 4493 eam
165 4431 362 4504 perduxissent
381 4430 416 4484 ad
435 4430 525 4485 lacurn
538 4430 585 4485 ubi
606 4431 645 4485 eis
663 4431 750 4484 iuerat
770 4431 942 4499 imperatum,
962 4436 1108 4499 antequam
1128 4435 1315 4498 percuteretur

180 4564 281 4605 mrsu.
297 4564 377 4602 BRUX.
1181 4550 1215 4602 ἦ]
