3142 5392
264 338 337 391 anu.
360 336 441 390 aso.
467 324 639 391 namuco.
667 358 715 370 —
741 337 888 390 menno.
915 338 961 388 nn
987 337 1066 390 oon.
1093 337 1130 388 uo
1155 337 1263 390 oie-roo.
1320 318 1367 390 67

199 525 352 582 liversaoosmi
371 525 481 579 elimata
492 525 663 590 adeuntibus,
680 531 749 580 nutu
758 525 807 580 Dei
825 524 963 595 Hesperiae
975 527 1031 581 oris
1053 526 1190 596 appulsus,
1211 526 1370 581 hominibus

200 626 244 680 inibi
252 624 385 694 degentibus
395 623 567 694 patriamque
578 623 767 689 incolentibus,
777 625 891 679 verbum
904 626 954 679 Dei
962 626 1133 694 praedicando
1145 624 1253 679 disserit
1262 625 1370 694 intrepi·

201 724 291 788 dusllbi
300 725 356 777 dum
365 739 447 793 parva
460 739 537 792 seges
552 738 613 792 quae
622 728 687 776 tune
698 722 786 777 excoli
802 723 886 778 vellet
896 724 966 778 inter
978 725 1069 793 spinas
1080 724 1219 778 fructifera
1238 724 1370 778 invenire

201 822 352 892 tu,poululum
371 827 566 887 commoratus,
588 821 674 875 fertur
692 838 731 875 vu
751 821 894 876 clientulos
912 823 1083 892 praeelegisse
1103 822 1211 877 Christo
1231 823 1371 888 subnixus,

180 933 191 979 1
202 936 282 988 porum
291 919 390 990 collegio
401 919 498 974 lolium
510 918 652 973 evellendo
662 919 809 989 extirparet
820 919 948 973 radicitus
962 920 1092 989 verbique
1103 920 1209 974 semina
1224 920 1313 975 telluri
1324 922 1371 976 diu

201 1017 259 1069 sterili
266 1019 412 1086 permanenti
421 1021 604 1074 committeret
613 1019 782 1089 propensius.
793 1056 798 1065 .

229 1113 253 1170 2·
265 1115 364 1185 Cumque
380 1117 438 1171 dies
450 1117 606 1172 immineret
623 1133 774 1187 supremus,
792 1115 1004 1169 Hierosolimam
1016 1115 1105 1170 tendit
1123 1117 1253 1180 festinus3
1266 1134 1283 1171 a
1295 1119 1372 1186 cuius

200 1213 339 1268 anabasii
364 1215 462 1269 solatio
488 1215 678 1285 praedictorum
698 1215 874 1269 vernularum
894 1214 985 1267 nullus
1003 1218 1092 1268 exstat
1103 1215 1265 1270 subtractus.
1283 1215 1371 1283 Quem

200 1309 289 1364 udum
301 1328 327 1366 ac
336 1313 494 1382 pharasaica
505 1313 570 1368 dum
590 1314 673 1384 stipat
692 1329 791 1367 manus
803 1312 935 1381 improba,
947 1311 1051 1380 antiqui
1063 1314 1196 1381 serpentis
1212 1314 1302 1368 illecta
1313 1331 1372 1369 ver-

165 1420 187 1468 to
199 1407 381 1471 umbramen
392 1412 506 1480 opponit
518 1412 553 1466 de
571 1412 680 1466 Christo
697 1411 875 1481 problemata.
886 1411 986 1464 Verum
1003 1410 1090 1463 sancti
1109 1411 1224 1479 Spiritus
1234 1414 1380 1473 debriatus

199 1505 268 1572 gutia
276 1510 322 1576 ejus
330 1510 485 1579 eloquentia
503 1527 521 1563 a
540 1510 650 1564 nemine
662 1514 704 1564 est
719 1513 846 1578 superata
858 1528 864 1563 :
876 1507 949 1562 unde
961 1525 1056 1562 eorum
1068 1509 1188 1563 fremens
1207 1511 1247 1565 ira
1260 1512 1325 1566 furit
1344 1513 1373 1567 in

198 1617 245 1655 eun
254 1606 328 1660 acriter
336 1608 452 1662 incitata.
466 1609 532 1676 Qua
541 1609 570 1662 in
580 1613 686 1663 tantum
707 1607 893 1662 instimulante
906 1606 1014 1660 invidiae
1031 1607 1088 1661 zelo
1101 1609 1273 1663 succenditur
1291 1617 1373 1681 atque

199 1700 332 1770 debachatur,
343 1711 373 1761 ut
391 1707 598 1777 importunitate
617 1724 691 1761 saeva
708 1707 892 1761 violentorum
914 1706 1018 1775 impetu
1038 1712 1187 1776 caperetur,
1202 1710 1374 1781 Herodisque

198 1801 309 1864 presentia
322 1820 413 1858 necem
432 1808 609 1873 percepturus
627 1804 786 1858 traderetur.
807 1801 860 1869 Qui
880 1802 989 1870 capitali
1004 1819 1037 1856 ac
1057 1803 1222 1871 digladiabili
1240 1808 1375 1863 sententia

163 1907 187 1955 tt
199 1893 337 1963 plexuisse
347 1918 456 1972 quoque
468 1903 572 1957 cruoris
583 1902 626 1957 sui
637 1903 711 1956 unda
719 1901 853 1971 perinsus,
866 1901 1024 1969 triumphali
1040 1903 1170 1972 martyrio
1182 1911 1328 1961 coronatus
1340 1908 1374 1962 ad

200 1990 270 2047 mun
278 1998 361 2064 evolat,
369 1999 587 2054 immarcescibili
600 2015 703 2053 corona
718 1998 864 2052 laureatus.

228 2089 254 2147 3.
263 2091 373 2150 lumime
383 2111 449 2150 vero
459 2112 558 2166 corpus
566 2094 690 2164 discipuli
702 2094 794 2148 furtim
807 2093 974 2162 arripientes,
984 2110 1093 2148 summo
1106 2111 1168 2149 cum
1176 2095 1270 2151 labore
1283 2103 1311 2153 et
1318 2116 1376 2168 per·

200 2185 239 2240 cita
251 2189 398 2248 latbatione
410 2193 445 2247 ad
465 2192 558 2248 littora
573 2192 721 2246 devehunt
732 2192 830 2247 Navim
842 2192 893 2245 sibi
913 2192 1056 2246 inveniunt
1075 2197 1207 2261 paratam,
1225 2212 1309 2264 quam
1321 2197 1376 2252 alto

201 2293 332 2349 madentes
339 2295 433 2365 pelago
440 2294 623 2359 committunt,
632 2297 715 2363 atque
721 2293 765 2348 die
774 2297 887 2363 septena
895 2293 976 2347 lriam
988 2294 1158 2363 perveniunt,
1164 2295 1300 2365 remisque
1309 2297 1377 2352 desi·

165 2391 189 2443 u
201 2385 284 2444 lenite
291 2394 371 2448 solum
383 2397 507 2462 carpunt.
516 2392 571 2448 Nec
589 2397 631 2447 est
642 2393 823 2447 haesitandum
836 2408 927 2447 rerum
940 2392 1044 2446 auctori
1062 2397 1126 2447 tunc
1138 2395 1269 2463 temporis
1288 2396 1377 2466 copio-

202 2483 286 2544 siaimas
295 2496 376 2561 grates
385 2509 417 2547 ac
429 2492 512 2562 digna
523 2508 572 2547 eos
583 2491 746 2561 persolvisse
763 2491 907 2562 preconia,
924 2496 983 2545 tum
995 2508 1044 2560 pro
1062 2495 1138 2546 tanto
1156 2509 1270 2547 munere
1289 2494 1341 2548 sibi
1360 2512 1378 2551 a

201 2579 362 2655 bomncoeso,
370 2595 430 2644 tum
439 2606 473 2644 eo
482 2589 557 2658 quod
565 2589 716 2657 piratarum
727 2587 846 2652 insidias,
858 2604 930 2642 nunc
947 2588 1074 2642 vitandas
1089 2590 1263 2659 scopulorum
1280 2592 1378 2647 allisio-

201 2692 306 2745 lttuane
322 2688 457 2743 hiantium
479 2704 565 2743 caecas
583 2687 746 2757 vertiginum
770 2686 874 2756 absque
896 2686 978 2741 ullius
1003 2687 1167 2742 detrimento
1193 2693 1380 2759 transegerant

201 2775 348 2855 tueatgitur
356 2792 433 2842 tanto
446 2803 478 2841 ae
489 2786 538 2841 tali
548 2787 657 2841 subnixi
668 2791 792 2856 patrono,
805 2786 840 2839 ad
852 2790 942 2840 cetera
959 2785 1016 2839 suis
1032 2786 1127 2840 usibim
1139 2787 1282 2856 profutura
1293 2789 1379 2844 inten-

169 2875 380 2956 ildlfllquemqne
393 2903 444 2940 suo
456 2885 570 2956 martyri
581 2885 769 2955 requiescendi
788 2884 880 2938 locum
898 2884 1031 2938 Dominus
1051 2884 1219 2955 praeelegerit
1239 2887 1381 2958 explorare

201 2981 319 3041 ltrlenlant
339 2985 435 3055 ltaque
448 2985 544 3039 itinere
555 2984 590 3038 ad
603 2984 742 3039 O1ientem
760 2983 871 3050 directo,
886 2983 915 3036 in
935 2983 1078 3051 cujusdam
1096 2990 1238 3050 matronae,
1257 2986 1381 3056 Lupariae

202 3078 284 3147 tomice,
294 3084 449 3152 praediolum
458 3085 545 3138 fenne
557 3083 678 3153 quinque
689 3082 822 3136 milliariis
834 3081 870 3135 ab
881 3081 949 3136 urbe
958 3087 1095 3136 semotum
1107 3088 1245 3138 sacratum
1258 3102 1381 3155 compor-

202 3171 241 3226 [Ἢ
249 3183 312 3249 alque
328 3184 468 3253 deponunt
484 3182 613 3237 loculum.
625 3181 692 3249 Quis
703 3186 796 3235 autem
815 3180 887 3234 illius
898 3180 975 3234 fundi
986 3197 1127 3250 possessor
1135 3183 1283 3237 haberetur
1294 3185 1382 3239 scisci·

202 3269 268 3343 ullu,
286 3281 461 3349 quorumdam
485 3280 755 3350 comprovincialium
777 3283 888 3333 ostensu
912 3279 1089 3348 comperiunt,
1112 3297 1223 3350 suaeque
1249 3281 1383 3350 indaginis

171 3364 302 3440 wammtes
312 3380 381 3434 effici
393 3378 634 3434 vehementissime
642 3383 724 3448 atque
733 3377 923 3432 ardentissime
931 3377 1057 3447 gestiunt
1067 3377 1184 3432 Demum
1197 3379 1297 3448 quippe
1306 3380 1382 3434 femi·

202 3475 365 3534 unadeuntes
376 3479 551 3544 collocutum,
570 3482 765 3546 narrantesque
783 3494 831 3547 per
848 3476 972 3531 ordinem
984 3476 1023 3531 rei
1041 3480 1178 3541 eventum,
1193 3477 1244 3531 sibl
1262 3478 1383 3547 impendi

202 3569 300 3630 oolam
311 3583 439 3648 expetunt
450 3577 602 3642 delubmm‚
615 3576 663 3630 ubi
675 3576 710 3629 ad
721 3576 892 3630 adorandum
901 3579 1033 3630 statuerat
1042 3575 1226 3640 simulacrum,
1238 3580 1321 3645 atque
1330 3577 1384 3631 illie

202 3660 257 3722 detto
264 3689 357 3746 quoque
369 3677 528 3746 gentilitatis
540 3692 633 3730 errore
644 3675 868 3744 trequentabatur
879 3674 982 3727 lanum.
999 3673 1066 3741 Quae
1079 3673 1236 3727 clarissimis
1247 3675 1384 3730 natalibus

202 3765 357 3830 abacelam
375 3791 504 3845 suprema
515 3774 713 3829 interveniente
724 3778 798 3827 sorte
811 3773 869 3826 viro
882 3772 1001 3837 viduata
1013 3771 1122 3826 tametsi
1135 3772 1272 3842 sacrilegae
1290 3773 1386 3828 luisset

171 3853 342 3927 ²⁵⁸¹iltrstitioni
354 3874 454 3938 dedita,
471 3889 527 3929 non
545 3890 601 3928 sure
613 3872 762 3927 nobilitatis
774 3871 868 3936 oblita,
877 3872 949 3939 juste
959 3870 1092 3925 nobilium
1108 3875 1135 3925 et
1152 3871 1313 3940 ignobilium
1325 3889 1385 3927 sese

202 3965 343 4025 alltltnlium
355 3971 532 4026 abdicaverat
539 3970 706 4040 eonjugium,
715 3986 750 4024 ne
759 3974 890 4038 tanquam
900 3973 1020 4022 scortum
1032 3968 1150 4037 priorem
1160 3969 1295 4037 pollueret
1305 3969 1385 4023 mari·

203 4053 260 4114 ¹³10OE
269 4065 374 4124 thomm.
391 4071 456 4125 Haec
466 4070 576 4140 quidem
589 4086 684 4124 eorum
696 4069 856 4140 petitionem
876 4073 904 4121 et
920 4068 1005 4121 verba
1021 4067 1119 4138 sapius
1134 4068 1301 4121 revolvendo
1320 4068 1386 4136 (eod.

202 4154 335 4232 revolvenda)
346 4167 505 4236 priusquam
517 4183 679 4236 responsum
696 4167 774 4220 daret
785 4163 935 4228 ullomodo,
953 4163 1053 4231 cogitat
1062 4163 1151 4216 cordis
1160 4163 1189 4216 in
1198 4163 1254 4217 imo
1264 4180 1385 4233 quonam

202 4251 304 4316 uodoeos
312 4267 427 4321 traderet
438 4266 515 4320 ferali
528 4265 699 4332 exterminio,
711 4281 743 4318 ac
756 4264 867 4318 tandem
886 4278 1042 4316 sermonem
1060 4261 1217 4330 reciprocat,
1230 4263 1345 4316 saeviens
1357 4263 1386 4316 in

168 4340 191 4396 lt
202 4339 258 4403 dolo:
266 4356 303 4427 lte,
311 4362 403 4433 inquit,
408 4366 490 4431 petite
500 4379 588 4430 regem
597 4364 645 4430 qui
653 4368 778 4415 moretur
786 4361 899 4427 {adagio
907 4357 975 4425 (sio),
985 4361 1121 4427 locumque
1128 4361 1263 4426 postutare
1271 4360 1347 4424 abeo,
1358 4361 1387 4412 in

202 4456 311 4513 tuaeve
320 4464 486 4530 sepulturam
491 4462 598 4530 paretis
609 4467 722 4514 mortuo.

229 4543 328 4626 ⁴niltrjns
339 4559 418 4613 dictis
428 4558 558 4628 parendo,
569 4572 632 4628 pars
640 4556 818 4627 exequiarum
830 4555 884 4609 ritu
899 4570 1011 4608 servans
1023 4552 1203 4621 apostolicum
1217 4570 1315 4622 corpus
1331 4569 1387 4609 uno

203 4646 287 4709 ellubet
296 4655 322 4712 in
331 4657 402 4713 loco.
414 4657 564 4726 Postquam
579 4658 671 4710 autem
688 4653 735 4708 alii
746 4653 782 4708 ad
793 4651 883 4722 regale
897 4649 1030 4721 palatium
1042 4649 1110 4704 calle
1122 4650 1285 4720 perveniunt
1296 4649 1387 4716 citato,
