3248 5392
179 320 253 397 aot
405 339 407 343 ’
513 347 638 403 caran.
664 348 768 404 cono.
793 349 1070 407 saerosanrmc.

219 649 258 696 on
279 651 305 696 s.
326 651 475 698 nourriuo
495 653 669 700 seomrauo
690 655 843 702 marran.
864 637 942 722 (Cir.
963 656 1073 721 supra,
1093 656 1169 723 pag.
1190 638 1260 720 254,
1282 641 1348 726 ro.)

261 848 390 921 Incipit
401 851 525 922 passio
539 851 656 912 mett
669 854 845 927 Pontiani,
857 855 951 927 quod
965 857 1022 915 est
1033 858 1133 916 111⁰
1145 854 1316 917 menan

697 953 882 1013 februarii.

223 1141 253 1197 1.
275 1141 457 1210 Temporibus
465 1143 596 1197 Antonini
604 1143 786 1213 imperatoris,
795 1160 858 1199 eum
866 1160 962 1200 mucro
970 1145 1168 1215 persecutionis
1175 1145 1382 1203 inChrisiiculto

179 1254 222 1293 res
233 1255 429 1310 usquequaque
441 1257 490 1309 per
501 1240 596 1295 orbem
614 1240 757 1295 deseviret
776 1245 803 1295 et
823 1240 964 1296 christiani
981 1241 1101 1296 nominis
1119 1257 1249 1297 normam
1264 1242 1382 1298 inm

179 1335 316 1392 debellare
332 1354 389 1393 non
401 1344 527 1404 cessaret,
543 1338 641 1394 heatus
657 1339 807 1394 Pontianus
824 1340 897 1408 apud
914 1339 1055 1408 Spoletum
1072 1355 1130 1395 non
1146 1341 1252 1396 veritus
1267 1346 1408 1407 tormentae

179 1436 344 1503 carnificum,
356 1454 417 1507 quae
433 1454 483 1508 pro
495 1438 596 1496 Christi
613 1438 725 1493 nomine
736 1438 827 1508 potius
839 1438 920 1512 elegit
929 1438 1028 1493 subire
1044 1455 1129 1508 quam
1147 1439 1293 1505 declimre,
1302 1440 1386 1495 curvi

179 1534 267 1589 cultor
277 1535 396 1606 fideique
413 1537 573 1606 praedicator
589 1537 678 1592 clarus
689 1541 755 1591 tunc
771 1537 902 1606 temporis
911 1536 1072 1591 habebatur.
1080 1536 1161 1605 Quod
1172 1542 1206 1592 nt
1214 1536 1298 1607 juder
1308 1537 1387 1593 11111-

178 1646 230 1685 uus
241 1631 355 1698 audivit,
366 1649 429 1688 eum
441 1633 494 1688 sibi
504 1650 553 1703 per
560 1650 626 1689 suos
637 1635 804 1703 apparitores
814 1633 1000 1702 representari
1010 1634 1098 1702 iussit
1110 1634 1215 1689 Beatus
1225 1640 1317 1690 autern
1331 1635 1388 1691 Poa-

178 1729 270 1785 tianus
285 1730 340 1785 hoc
355 1732 458 1797 audito,
469 1749 499 1787 se
511 1732 612 1787 divinis
628 1733 746 1788 induens
762 1732 855 1797 armis,
870 1732 971 1788 Christi
989 1731 1069 1788 miles
1085 1737 1119 1788 ut
1134 1733 1276 1800 emeritus,
1286 1734 1321 1789 ad
1330 1734 1389 1791 neh

178 1825 242 1882 iidei
253 1842 430 1896 processurus
442 1829 481 1883 ire
492 1846 548 1883 non
560 1829 672 1895 distulit,
689 1829 829 1899 quoniam,
847 1833 879 1883 ut
894 1828 1036 1884 famelicus
1047 1828 1083 1883 ad
1099 1829 1197 1898 epulas
1213 1829 1422 1899 inritam-sicis

179 1923 257 1979 laetus
268 1929 296 1980 et
306 1925 402 1982 hilaris
409 1927 550 1983 anhelanti
562 1928 697 1983 desiderio
708 1929 811 1982 samem
829 1943 861 1982 ac
872 1927 946 1982 sitim
957 1927 1080 1996 martyrii
1098 1927 1253 1984 reiecturus
1263 1928 1336 1994 adiit,
1343 1929 1389 1997 ianr

180 2026 274 2078 tamen
281 2030 374 2080 mente
382 2033 550 2097 pregustans
559 2028 634 2096 quod
645 2032 707 2098 post
715 2027 763 2082 diu
774 2027 959 2082 desideratum
970 2026 1120 2096 adimplere
1131 2029 1244 2083 meruit

221 2120 254 2180 2.
276 2125 364 2193 Quem
373 2125 457 2194 judex
468 2125 613 2191 Fabianus,
629 2130 661 2180 ul
672 2125 698 2180 ei
709 2124 795 2179 astitit
805 2124 963 2194 intrepidus,
978 2124 1067 2194 primo
1079 2124 1180 2180 blande
1193 2124 1344 2196 leniterque
1357 2125 1392 2180 h'n

180 2222 334 2291 aggreditur
342 2221 449 2277 verbis:
462 2224 520 2289 ooo
530 2225 637 2277 nomine
647 2224 840 2291 nuncuparis?
850 2221 951 2276 Beatus
968 2220 1118 2276 Pontianus
1130 2223 1179 2276 :Si
1196 2220 1393 2293 minquit,

180 2335 266 2372 meum
277 2322 405 2388 requiris,
416 2320 567 2374 Pontianus
577 2321 654 2374 dicor
659 2337 672 2385 ;
682 2320 722 2373 sie
732 2321 803 2373 enim
814 2319 997 2387 aparentibus
1007 2335 1068 2372 enm
1079 2326 1263 2388 nnmpctur.
1274 2319 1327 2374 Sed
1334 2319 1393 2388 Μ
1404 2336 1429 2387 rs

180 2418 264 2472 citius
280 2435 312 2478 oc
328 2419 420 2485 majus
435 2435 531 2472 nomen
546 2425 593 2485 est,
604 2435 644 2472 me
653 2418 833 2472 obviationum
844 2433 900 2471 esee
910 2434 965 2471 non
981 2418 1086 2484 denepo.
1098 2415 1160 2483 Quo
1171 2432 1307 2488 responso
1320 2416 1394 2487 iudex

179 2513 273 2568 statim
292 2514 384 2568 furore
401 2517 564 2579 commotus,
581 2518 676 2582 utpote
692 2512 818 2568 minister
837 2511 948 2577 ffleholi,
965 2512 1043 2581 cuijus
1059 2516 1088 2567 et
1103 2511 1237 2568 instinctu
1252 2513 1394 2584 inrigatus.

177 2611 258 2679 iussit
274 2612 385 2667 beatum
397 2612 562 2668 Pontianum
579 2611 725 2682 exspoliari
736 2611 896 2681 nudumque
907 2610 990 2680 virgis
998 2611 1073 2676 credi,
1081 2627 1230 2682 quousque
1242 2612 1289 2668 vel
1303 2626 1395 2668 notura

180 2711 279 2766 Christi
292 2715 403 2781 negaret
411 2711 454 2766 vel
463 2711 509 2766 vix
518 2711 581 2765 uite
590 2709 740 2780 periculum
753 2709 889 2765 evaderet
901 2708 981 2776 Quod
991 2708 1036 2765 ills
1053 2713 1194 2779 gratanter
1202 2709 1395 2779 audiemullro

179 2824 209 2864 se
221 2811 301 2864 offert
309 2810 488 2875 carnificibus,
499 2809 567 2864 nihil
579 2809 655 2864 dubii
666 2809 772 2863 habens
789 2809 819 2863 in
836 2808 969 2863 morando
983 2823 1039 2862 uon
1055 2807 1146 2863 solum
1163 2824 1215 2879 pro
1228 2809 1395 2865 Chrislorer·
1406 2827 1431 2878 9

179 2907 245 2961 bera
256 2908 347 2962 subire
364 2909 411 2962 sed
428 2907 510 2962 malle
526 2908 597 2962 mori
610 2922 693 2976 quam
711 2905 794 2960 fidem
811 2921 918 2974 negare.
935 2904 998 2959 hlox
1014 2904 1184 2974 apparitores
1203 2921 1261 2960 non
1278 2921 1355 2960 secus
1368 2920 1395 2958 ac

176 3005 254 3076 iussi,
264 3012 388 3060 sanctum
401 3006 483 3076 virgis
498 3008 527 3061 in
538 3011 644 3060 tantum
656 3005 768 3070 caedere,
780 3005 919 3073 animique
934 3004 1056 3072 vigorem
1071 3004 1095 3057 si
1112 3009 1227 3073 possent
1238 3005 1330 3059 conati
1340 3008 1395 3058 sunt

178 3106 295 3171 vincere,
307 3106 395 3160 donec
410 3107 520 3175 sanguis
536 3105 622 3174 ipsius
638 3122 655 3159 a
672 3104 758 3173 plagis
768 3103 912 3158 verberum
925 3103 1063 3157 interram
1074 3103 1150 3157 risus
1158 3108 1202 3158 est
1212 3104 1307 3159 liuere.
1317 3103 1395 3158 iudex

178 3209 271 3259 autem
289 3205 384 3259 videns
400 3221 429 3260 se
447 3204 527 3270 uinci,
538 3204 628 3258 virum
646 3219 701 3258 non
718 3219 799 3273 posse
817 3203 1023 3269 vincere,jussit
1038 3202 1129 3256 afferri
1146 3218 1251 3271 prunas
1270 3203 1396 3266 ardentes

177 3319 296 3374 eumque
308 3304 388 3359 nudis
400 3304 515 3373 pedibus
526 3320 575 3373 per
586 3319 632 3357 aas
645 3302 779 3357 incedere.
789 3301 839 3356 Cui
851 3302 948 3356 heatus
959 3300 1118 3365 Pontianus,
1132 3300 1221 3356 divini
1230 3302 1335 3356 amoris
1344 3302 1398 3370 ipre
1409 3317 1434 3367 ᾖ

177 3418 340 3458 succensus:
352 3406 414 3458 Non
430 3420 529 3469 vereor,
540 3402 637 3471 inquit,
650 3405 680 3455 in
695 3404 801 3455 nomine
818 3403 930 3455 Domini
947 3403 1000 3454 mei
1013 3401 1080 3454 Jeau
1091 3400 1196 3454 Cirristi
1210 3402 1261 3455 noa
1277 3401 1396 3455 cardones

179 3504 238 3567 ipne
249 3504 389 3557 condentes
400 3504 483 3557 nadis
494 3504 598 3556 calcare
606 3503 725 3568 veatipiis
734 3519 746 3566 ,·
754 3508 784 3554 trs
801 3517 862 3554 cero
873 3502 922 3567 qui
939 3501 1011 3566 ipsuis
1027 3500 1129 3553 norom
1140 3516 1168 3553 es
1179 3500 1397 3567 imctinpuihilis,

177 3599 249 3653 hune
257 3601 455 3668 eetinpuihiiem
467 3602 506 3654 vel
516 3602 601 3667 dipito
612 3615 667 3652 non
681 3600 766 3652 audes
777 3600 915 3665 attinpere.
928 3598 973 3661 Ar,
982 3599 1008 3650 si
1019 3599 1086 3664 qnid
1096 3614 1193 3666 speras
1204 3600 1236 3650 in
1246 3600 1353 3653 nemim
1363 3597 1398 3650 1111

178 3698 263 3763 Jove,
281 3702 310 3752 in
326 3700 397 3753 hunc
413 3716 525 3753 osonum
541 3715 574 3752 ne
590 3699 694 3751 dubites
710 3700 822 3751 mittere.

220 3795 253 3853 3.
275 3798 324 3851 His
332 3797 411 3851 dictis
419 3797 496 3866 signo
505 3797 604 3852 Christi
617 3797 740 3850 munitus
751 3812 800 3865 per
816 3795 942 3850 incendia
953 3794 1103 3848 carbonum
1121 3792 1336 3860 deambulando,
1347 3798 1398 3847 tan·
1411 3807 1435 3858 no

179 3894 242 3949 dem
261 3895 398 3949 indemnis
409 3895 488 3958 exiit3
500 3910 564 3947 nam
577 3892 696 3947 incendii
706 3893 818 3946 ilamma
828 3892 945 3945 tlammae
962 3891 1026 3945 fidei
1043 3890 1082 3944 nil
1100 3890 1208 3944 ardoris
1219 3890 1323 3945 inierrs
1338 3904 1399 3960 prt-

179 3994 272 4048 raluit
288 3992 376 4047 Juden
392 3993 474 4062 igitur
491 3996 567 4046 tanto
588 3992 687 4046 sevius
707 3991 785 4045 saevit
801 3991 830 4045 in
847 3990 949 4045 Christi
965 3988 1090 4055 militem,
1110 3993 1215 4058 quanto
1232 3991 1322 4044 cernit
1340 4003 1398 4043 eum

179 4091 433 4161 inexsuperabilem.
449 4091 629 4145 Perocitatem
649 4090 735 4144 animi
753 4105 809 4143 non
826 4089 969 4143 retrahens
980 4087 1015 4141 ab
1027 4088 1144 4156 incepto,
1154 4087 1237 4154 iussit
1256 4087 1399 4158 equuleum

178 4190 268 4259 parari
275 4190 445 4258 uncinosque
455 4189 558 4242 ferreos
568 4188 636 4253 fieri,
648 4187 747 4256 quibus
758 4192 907 4256 martyrem
924 4201 1086 4255 suspensum
1098 4185 1126 4240 in
1139 4185 1259 4253 equuleo
1269 4185 1400 4241 crudelius

179 4285 255 4340 omni
263 4284 422 4340 cmdelitate
430 4283 633 4338 ferarumvelut
647 4282 762 4352 propriis
770 4283 902 4337 laceraret
911 4281 1047 4337 dentibus.
1054 4281 1090 4335 rit
1095 4280 1176 4336 miles
1184 4281 1400 4352 Christisuspen·
1412 4295 1435 4347 ss

180 4400 226 4439 sus
235 4385 263 4438 in
272 4383 388 4453 equuleo
399 4382 557 4437 eamitleum
567 4382 672 4436 deridet
684 4381 818 4446 inertiam,
827 4396 908 4436 carne
919 4380 1054 4435 laceratus
1062 4380 1111 4435 sed
1122 4385 1216 4435 mente
1224 4381 1399 4437 confortatus

179 4483 279 4537 Tortor
294 4482 360 4536 dum
371 4480 454 4535 infert
472 4485 616 4546 tormenta,
627 4480 755 4534 lassando
772 4480 877 4544 deficit3
894 4479 973 4533 miles
990 4478 1090 4534 Christi
1109 4479 1175 4533 dum
1196 4481 1310 4548 patitur,
1329 4478 1399 4535 illata

178 4581 306 4650 patiendo
314 4579 487 4635 convalescit.
498 4580 533 4634 At
552 4579 627 4634 iuror
636 4579 756 4648 judicem
773 4578 892 4647 exagitat
909 4579 937 4632 111
955 4594 1066 4633 omnem
1084 4578 1170 4631 animi
1182 4578 1341 4642 vesaniam
1357 4577 1399 4648 qui

180 4685 328 4750 martyrem
339 4679 389 4734 Dei
399 4678 481 4746 iussit
488 4678 515 4733 in
527 4679 584 4733 ima
596 4677 712 4733 carceris
721 4677 833 4744 retrudi,
846 4678 933 4732 donec
944 4677 1010 4745 quid
1020 4677 1054 4731 de
1064 4692 1097 4732 eo
1106 4676 1247 4732 crudelius
1256 4676 1400 4732 deliberare
