3142 5392
300 323 1290 396 sanaremur-:m-coamma141

228 526 314 591 solus
324 527 421 593 Deus.
437 530 514 594 Hae
526 531 610 594 enim
621 531 728 594 alania
741 528 858 612 fabula
872 538 945 595 suat
956 537 984 594 ot
994 537 1294 615 arqulamtapoeta·

229 626 1295 742 3333,αά1333133(133333333333313393313133331.[1333313331

230 745 293 789 noa
303 733 412 809 essent,
428 727 512 792 Deos
524 748 585 791 noa
597 726 757 791 laboretis.
772 726 810 790 Si
820 735 925 791 autem
935 729 982 791 ois
996 727 1108 792 audire
1122 749 1170 792 ma
1182 736 1211 793 ot
1231 750 1293 794 cre·

228 823 309 907 dere,
333 827 480 909 seisoipiot
503 832 532 890 to
552 826 640 891 Deus
650 848 664 906 ;
688 827 717 889 si
736 831 841 889 autem
854 846 918 889 aon
939 828 996 909 ais,
1011 825 1150 890 manalis
1170 828 1293 893 stultas.

228 922 447 989 Numerianus
469 925 570 991 dixit:
599 925 713 989 Vestra
738 924 909 1008 Scriptura
932 924 1048 1008 fabiola
1073 931 1147 989 suat
1157 948 1171 1006 ;
1194 927 1295 989 nostri

229 1028 335 1084 autom
349 1030 440 1086 aolus
461 1025 613 1107 mysteria
632 1031 705 1087 sulit
718 1029 745 1086 ot
759 1025 900 1088 veritat-is
910 1023 1053 1106 formam
1067 1023 1195 1089 liabent:
1213 1024 1293 1088 dioi-

230 1139 307 1181 mcm
318 1121 401 1183 enim
412 1121 536 1204 aliquid
552 1124 700 1206 sequitur.

200 1216 283 1280 Unde
296 1217 391 1300 jubeo
406 1219 506 1303 (num.
522 1221 554 1303 3)
620 1221 782 1284 oillaulati.
803 1220 945 1285 Babillas
961 1221 1068 1285 dixit:
1094 1221 1151 1284 Illi
1170 1220 1294 1305 quidem

231 1314 369 1401 subrepti
379 1324 462 1399 suat,
476 1339 524 1381 mo
538 1325 642 1382 alium
656 1339 720 1382 noa
731 1317 893 1401 subripias,
904 1339 958 1382 aaa
968 1321 1134 1401 sicopolim
1146 1319 1293 1383 coelorum

226 1416 399 1497 promittis,
414 1436 435 1478 a
457 1437 517 1501 qao
531 1437 579 1480 lae
599 1417 739 1480 almaarc
754 1416 908 1499 festinas;
928 1418 1017 1501 captis
1038 1437 1101 1481 aaa
1119 1438 1150 1481 os
1169 1417 1294 1502 clipeus,

218 1515 368 1596 quoniam
392 1535 456 1578 noa
481 1517 579 1579 eitam
600 1516 654 1579 sod
673 1522 827 1579 tormenta
851 1515 984 1599 habebis,
999 1518 1075 1601 qaia
1101 1518 1291 1600 mysteria...

229 1611 370 1676 caducus
383 1620 436 1676 est.
450 1613 561 1697 Eaipit
571 1616 653 1677 enim
665 1635 686 1677 a
701 1621 729 1677 te
748 1614 835 1678 Deris
850 1616 1043 1698 oirinipotms
1055 1617 1182 1679 animas
1196 1614 1294 1679 lomi·

228 1728 304 1771 aum
315 1729 397 1794 qaas
405 1710 588 1794 perdidisti,
600 1718 628 1774 et
639 1711 704 1794 ipse
717 1709 1293 1795 31113313333333333...1111113333

229 1807 412 1871 vocabalum
427 1809 478 1872 dic
498 1808 586 1872 inihi.
608 1809 780 1892 Babylas..
794 1811 912 1893 patria.
932 1801 1019 1874 Nam
1045 1809 1291 1894 mapnitudiaem

230 1907 291 1969 aa·
311 1927 375 1970 aaa
396 1909 609 1989 illacrimoso
623 1914 711 1991 potos
725 1910 782 1972 etsi
796 1929 867 1971 culn
879 1910 995 1992 peanis
1008 1909 1160 1972 oolaoeris
1182 1916 1209 1972 ot
1231 1908 1294 1973 Dei

228 2025 338 2068 nomon
349 2025 485 2089 quarere
499 2006 1061 2089 3313313333133331330333333113
1075 2007 1158 2092 qaod
1167 2010 1293 2071 nomiae

229 2105 414 2166 nominatur
428 2124 449 2166 a
459 2105 585 2168 meliore
595 2107 789 2188 nominatur,
801 2113 835 2169 at
845 2106 896 2169 illo
907 2106 1030 2190 quidem
1041 2114 1132 2188 aocet,
1153 2105 1210 2171 doc
1224 2108 1291 2191 qai-

228 2198 296 2262 dom
317 2198 450 2264 obediat.
475 2201 553 2280 Quis
577 2222 649 2285 erpo
674 2209 717 2264 est
744 2203 798 2286 qai
828 2204 1003 2266 aalaiaaoit
1021 2202 1125 2267 Dalm
1147 2203 1231 2287 qaod
1251 2211 1294 2268 ost

230 2297 317 2361 Deus
330 2297 347 2360 ‚2
360 2297 437 2362 Noa
457 2307 501 2362 est
520 2320 631 2364 nomon
646 2300 718 2382 Dei,
732 2300 786 2364 sed
808 2301 913 2385 ploria
923 2301 963 2364 de
977 2300 1054 2364 Deo.
1068 2300 1161 2365 Nilril
1174 2322 1244 2386 erpo
1258 2303 1293 2365 ia

229 2396 332 2459 Deum
343 2397 427 2481 qaod
437 2404 481 2461 ost
493 2418 624 2482 qaaeras.
640 2398 727 2462 Deus
739 2407 784 2463 est
794 2401 846 2462 oia
861 2401 995 2483 sapiens,
1007 2420 1070 2463 aaa
1096 2403 1292 2464 eontrarium

229 2497 409 2579 decipiens.
433 2496 521 2561 Deus
545 2518 740 2582 piaculoque
758 2497 843 2581 fecit,
859 2518 923 2582 pro
944 2498 1121 2563 loaoinilus
1149 2520 1186 2563 ea
1209 2499 1293 2582 fecit.

227 2593 474 2659 Numerianus...
490 2596 774 2680 doorum;poteras
790 2599 872 2660 mim
887 2597 1085 2662 bellushomo
1100 2619 1171 2663 esse.
1186 2598 1294 2663 Babil·

226 2692 304 2758 lus...
329 2700 383 2757 ost.
404 2693 520 2757 Honor
534 2701 607 2758 tulis
628 2703 655 2759 et
673 2716 739 2779 qua
760 2695 910 2758 dicantar
929 2718 950 2759 a
966 2704 1002 2779 to,
1017 2697 1190 2780 infamiam
1216 2698 1295 2762 mitt

222 2799 386 2874 prostant.
405 2791 549 2874 Refectus
573 2814 644 2857 suin
662 2796 745 2857 mim
765 2794 865 2876 modo,
886 2794 989 2860 Deum
1014 2804 1237 2880 capnosceaset
1257 2818 1294 2861 aa

227 2890 389 2974 lapidibus
400 2898 428 2955 to
438 2891 576 2961 adorare
590 2892 720 2976 lapides.
731 2893 980 2958 Numerianus...

139 2998 207 3058 Sistit
214 3011 305 3060 autem
318 3007 406 3061 codex
418 3007 447 3060 in
458 3007 547 3076 prima
556 3007 629 3062 linea
640 3025 715 3062 uum.
725 3009 749 3072 1,
761 3009 851 3063 exciso
861 3009 1040 3078 quaternione
1052 3014 1114 3065 octo
1123 3011 1260 3066 foliarum.

171 3103 226 3178 180
250 3107 350 3199 [Vita
366 3107 604 3201 S¹²Brigidae]
619 3109 858 3203 (fola-102¹).

139 3230 168 3282 lc
174 3235 245 3289 tertia
258 3235 333 3289 edita
343 3235 416 3304 apud
426 3235 584 3305 caganum,
598 3239 681 3292 Trtas
695 3239 910 3305 limumaturpo,
919 3256 944 3308 p.
953 3240 1003 3293 527
1015 3256 1074 3308 sqq.
1084 3240 1155 3292 —ln
1164 3240 1223 3293 cod
1232 3239 1294 3293 Vita

139 3333 256 3399 cephala,
268 3338 299 3387 ut
310 3334 430 3388 diximus
443 3335 471 3387 in
484 3336 650 3404 prefatione.
659 3336 743 3389 Deest
751 3335 825 3389 enim
835 3336 943 3391 initium
955 3338 1089 3406 usquead
1102 3354 1160 3407 cap.
1173 3339 1294 3401 68med.,

139 3432 232 3486 'esumit
242 3437 351 3486 textum
363 3432 427 3486 inde
439 3433 474 3487 ab
486 3433 530 3486 his
539 3434 647 3487 verbis:
660 3437 728 3488 sedit
736 3452 797 3488 cuin
805 3437 925 3502 cappatis
934 3442 958 3488 et
969 3438 1065 3488 amicis
1074 3437 1150 3489 illius
1162 3437 1268 3488 edocti...

165 3530 225 3606 190
248 3532 380 3607 Passio
394 3534 430 3606 S.
445 3533 559 3607 Blasii
574 3534 748 3626 martyris
764 3535 841 3627 (fol.
863 3535 1072 3627 1022105‘).

139 3659 196 3714 ania
206 3678 267 3730 quae
276 3661 323 3715 hic
331 3661 459 3730 leguntur
467 3663 541 3717 edita
552 3663 653 3718 suntin
665 3665 724 3718 Act.
734 3664 791 3731 SS,
800 3664 835 3717 ad
844 3664 869 3717 d.
879 3664 976 3728 areb.
988 3668 1054 3718 tom.
1064 3665 1085 3728 1,
1096 3682 1123 3734 p.
1134 3664 1183 3718 336
1193 3681 1253 3733 sqq.
1262 3695 1294 3702 *

139 3760 172 3811 :et
182 3761 269 3831 primo
280 3762 396 3817 veniunt
404 3778 509 3817 numm.
520 3764 564 3817 1-6
572 3764 801 3833 medprimorum
811 3764 950 3828 Actorum,
960 3780 1046 3833 usque
1058 3765 1093 3818 ed
1103 3765 1187 3819 verba
1198 3768 1294 3833 optime

139 3864 159 3903 ’θ
168 3857 217 3924 (ibi
224 3876 268 3928 pp.
280 3859 338 3924 336,
349 3860 425 3927 337);
438 3860 565 3930 deinceps
576 3860 664 3930 pergit
675 3861 795 3916 narratio
806 3861 957 3915 secundum
971 3865 1076 3915 textum
1087 3862 1221 3916 Actorum
1233 3879 1294 3932 quae

139 3953 190 4009 cit
200 3958 319 4013 secundo
328 3958 390 4013 loco
399 3963 546 4028 ponuntur,
558 3960 661 4014 scilicet
668 3976 773 4014 numm.
782 3960 844 4013 9-16
853 3962 888 4030 (p.
897 3960 1017 4025 sil-344)
1027 3976 1114 4029 usque
1126 3960 1161 4014 ad
1169 3961 1261 4015 finem

165 4059 227 4130 300
251 4058 381 4133 Passio
395 4060 431 4133 S.
449 4058 631 4133 Antonini
643 4060 816 4154 martyris
830 4061 907 4153 (iol.
925 4061 1136 4155 1052105').

139 4177 186 4237 113
196 4186 220 4240 in
231 4190 288 4243 Act.
308 4190 365 4256 SS,
374 4189 410 4242 ed
419 4188 470 4242 da
481 4189 562 4259 Sept,
573 4194 639 4243 tom.
649 4191 669 4254 1,
680 4207 724 4260 pp.
736 4191 793 4255 354,
804 4191 862 4244 355.
874 4190 969 4244 -Sed
980 4190 1019 4244 113
1028 4190 1122 4261 incipit
1140 4192 1200 4246 cod.
1213 4211 1219 4245 :

195 4283 409 4370 Quaecumque
423 4287 457 4351 in
472 4287 574 4351 sancti
588 4307 627 4353 33
637 4288 816 4352 beatissimi
830 4288 1008 4352 Anthonini
1022 4289 1173 4372 martyris
1188 4290 1294 4355 admi-

232 4385 382 4450 rabilium
396 4386 585 4450 meritorum
599 4387 754 4452 virtutum
769 4387 909 4451 dicenda
923 4390 1007 4466 sunt,
1023 4388 1105 4452 sicut
1119 4388 1153 4451 in
1166 4393 1295 4454 sancto-

231 4502 303 4549 rum
318 4503 453 4548 suarum
463 4485 669 4566 passionibus
683 4485 913 4566 omnipotentis
923 4484 983 4548 Dei
992 4485 1094 4566 gloria
1108 4485 1294 4567 declaravit,

230 4579 289 4646 nec
299 4581 504 4647 detrahenda
514 4586 591 4647 sunt
604 4582 713 4666 aliqua
724 4603 784 4648 nec
795 4582 957 4647 addenda.
963 4581 1048 4646 Nam
1058 4582 1141 4648 sicut
1150 4584 1294 4650 adulatio

231 4684 279 4745 est
292 4684 372 4746 nota
393 4681 565 4763 mendacii,
585 4683 633 4748 ita
653 4681 760 4765 majus
782 4685 832 4747 est
852 4681 1064 4765 ingestorum
1083 4681 1294 4750 diminutione
